<?xml version="1.0" encoding="UTF-8"?>
<!DOCTYPE html PUBLIC "-//W3C//DTD XHTML 1.0 Transitional//EN"
    "http://www.w3.org/TR/xhtml1/DTD/xhtml1-transitional.dtd">
<html xmlns="http://www.w3.org/1999/xhtml" xml:lang="en" lang="en">
 <head>
  <title>
</title>
<meta http-equiv="Content-Type" content="text/html;charset=utf-8" />
  <meta name='ocr-system' content='tesseract 3.04.00' />
  <meta name='ocr-capabilities' content='ocr_page ocr_carea ocr_par ocr_line ocrx_word'/>
</head>
<body>
  <div class='ocr_page' id='page_1' title='image "./ciuliicaesarisb01meusgoog_0213.png"; bbox 0 0 2924 4808; ppageno 0'>
   <div class='ocr_carea' id='block_1_1' title="bbox 457 305 1203 374">
    <p class='ocr_par' dir='ltr' id='par_1_1' title="bbox 457 305 1203 374">
     <span class='ocr_line' id='line_1_1' title="bbox 457 305 1203 374; baseline -0.009 -1"><span class='ocrx_word' id='word_1_1' title='bbox 457 319 566 373; x_wconf 76' lang='lat' dir='ltr'><strong>LIBER</strong></span> <span class='ocrx_word' id='word_1_2' title='bbox 584 319 644 373; x_wconf 86' lang='lat' dir='ltr'>VH.</span> <span class='ocrx_word' id='word_1_3' title='bbox 664 319 739 374; x_wconf 80' lang='lat' dir='ltr'>onP.</span> <span class='ocrx_word' id='word_1_4' title='bbox 760 320 883 374; x_wconf 81' lang='lat'>53-56.</span> <span class='ocrx_word' id='word_1_5' title='bbox 1142 305 1203 367; x_wconf 83' lang='lat'>193</span> 
     </span>
    </p>
   </div>
   <div class='ocr_carea' id='block_1_2' title="bbox 99 481 1269 3449">
    <p class='ocr_par' dir='ltr' id='par_1_2' title="bbox 99 481 1269 3449">
     <span class='ocr_line' id='line_1_2' title="bbox 136 481 1204 566; baseline 0.001 -22"><span class='ocrx_word' id='word_1_6' title='bbox 136 481 274 563; x_wconf 79' lang='lat' dir='ltr'>Galliae,</span> <span class='ocrx_word' id='word_1_7' title='bbox 306 482 515 564; x_wconf 86' lang='lat' dir='ltr'>frumentum,</span> <span class='ocrx_word' id='word_1_8' title='bbox 547 483 715 566; x_wconf 89' lang='lat' dir='ltr'>pecuniam</span> <span class='ocrx_word' id='word_1_9' title='bbox 743 482 916 564; x_wconf 83' lang='lat' dir='ltr'>publicam,</span> <span class='ocrx_word' id='word_1_10' title='bbox 949 501 1080 545; x_wconf 90' lang='lat' dir='ltr'>suorum</span> <span class='ocrx_word' id='word_1_11' title='bbox 1109 487 1204 565; x_wconf 90' lang='lat' dir='ltr'>atque</span> 
     </span>
     <span class='ocr_line' id='line_1_3' title="bbox 136 589 1232 672; baseline 0.004 -20"><span class='ocrx_word' id='word_1_12' title='bbox 136 590 298 652; x_wconf 88' lang='lat' dir='ltr'>exercitus</span> <span class='ocrx_word' id='word_1_13' title='bbox 313 589 614 671; x_wconf 80' lang='lat' dir='ltr'>impedimentorum</span> <span class='ocrx_word' id='word_1_14' title='bbox 629 609 778 672; x_wconf 89' lang='lat' dir='ltr'>magnam</span> <span class='ocrx_word' id='word_1_15' title='bbox 794 593 916 672; x_wconf 89' lang='lat' dir='ltr'>partem</span> <span class='ocrx_word' id='word_1_16' title='bbox 932 589 1124 667; x_wconf 72' lang='lat' dir='ltr'>contulerat,</span> <span class='ocrx_word' id='word_1_17' title='bbox 1142 590 1206 651; x_wconf 87' lang='lat' dir='ltr'>huc</span> <span class='ocrx_word' id='word_1_18' title='bbox 1219 614 1232 656; x_wconf 88' lang='lat'>3</span> 
     </span>
     <span class='ocr_line' id='line_1_4' title="bbox 107 694 1265 779; baseline -0.003 -18"><span class='ocrx_word' id='word_1_19' title='bbox 107 715 292 779; x_wconf 79' lang='lat' dir='ltr'>omagnum</span> <span class='ocrx_word' id='word_1_20' title='bbox 318 714 491 759; x_wconf 91' lang='lat' dir='ltr'>numerum</span> <span class='ocrx_word' id='word_1_21' title='bbox 518 715 674 778; x_wconf 90' lang='lat' dir='ltr'>equorum</span> <span class='ocrx_word' id='word_1_22' title='bbox 701 697 797 758; x_wconf 92' lang='lat' dir='ltr'>huius</span> <span class='ocrx_word' id='word_1_23' title='bbox 825 695 901 758; x_wconf 93' lang='lat' dir='ltr'>belli</span> <span class='ocrx_word' id='word_1_24' title='bbox 929 715 1024 759; x_wconf 87' lang='lat' dir='ltr'>causa</span> <span class='ocrx_word' id='word_1_25' title='bbox 1051 696 1086 757; x_wconf 91' lang='lat' dir='ltr'>in</span> <span class='ocrx_word' id='word_1_26' title='bbox 1114 694 1206 759; x_wconf 86' lang='lat' dir='ltr'>Italia</span> <span class='ocrx_word' id='word_1_27' title='bbox 1262 704 1265 709; x_wconf 84' lang='grc'><strong>’</strong></span> 
     </span>
     <span class='ocr_line' id='line_1_5' title="bbox 137 801 1233 886; baseline 0.002 -21"><span class='ocrx_word' id='word_1_28' title='bbox 137 807 233 884; x_wconf 87' lang='lat' dir='ltr'>atque</span> <span class='ocrx_word' id='word_1_29' title='bbox 261 802 418 886; x_wconf 84' lang='lat' dir='ltr'>Hispania</span> <span class='ocrx_word' id='word_1_30' title='bbox 447 808 627 885; x_wconf 90' lang='lat' dir='ltr'>coemptum</span> <span class='ocrx_word' id='word_1_31' title='bbox 655 803 791 865; x_wconf 78' lang='lat' dir='ltr'>miserat.</span> <span class='ocrx_word' id='word_1_32' title='bbox 838 821 874 865; x_wconf 92' lang='lat' dir='ltr'>co</span> <span class='ocrx_word' id='word_1_33' title='bbox 904 821 977 864; x_wconf 91' lang='lat' dir='ltr'>cum</span> <span class='ocrx_word' id='word_1_34' title='bbox 1005 801 1233 884; x_wconf 75' lang='lat' dir='ltr'>Eporedorixr</span> 
     </span>
     <span class='ocr_line' id='line_1_6' title="bbox 136 908 1205 992; baseline 0.001 -22"><span class='ocrx_word' id='word_1_35' title='bbox 136 909 425 990; x_wconf 83' lang='lat' dir='ltr'>Viridomarusque</span> <span class='ocrx_word' id='word_1_36' title='bbox 441 910 605 972; x_wconf 88' lang='lat' dir='ltr'>venissent</span> <span class='ocrx_word' id='word_1_37' title='bbox 621 908 706 972; x_wconf 92' lang='lat' dir='ltr'>etde</span> <span class='ocrx_word' id='word_1_38' title='bbox 722 914 807 972; x_wconf 91' lang='lat' dir='ltr'>statu</span> <span class='ocrx_word' id='word_1_39' title='bbox 823 910 958 972; x_wconf 89' lang='lat' dir='ltr'>civitatis</span> <span class='ocrx_word' id='word_1_40' title='bbox 974 909 1205 992; x_wconf 82' lang='lat' dir='ltr'>cognovissent,</span> 
     </span>
     <span class='ocr_line' id='line_1_7' title="bbox 139 1013 1206 1099; baseline 0.001 -21"><span class='ocrx_word' id='word_1_41' title='bbox 139 1014 337 1079; x_wconf 82' lang='lat' dir='ltr'>Litaviccum</span> <span class='ocrx_word' id='word_1_42' title='bbox 360 1015 507 1079; x_wconf 78' lang='lat' dir='ltr'>Bibracte</span> <span class='ocrx_word' id='word_1_43' title='bbox 531 1015 569 1078; x_wconf 90' lang='lat' dir='ltr'>ab</span> <span class='ocrx_word' id='word_1_44' title='bbox 594 1013 738 1078; x_wconf 88' lang='lat' dir='ltr'>Haeduis</span> <span class='ocrx_word' id='word_1_45' title='bbox 761 1021 937 1098; x_wconf 88' lang='lat' dir='ltr'>receptum,</span> <span class='ocrx_word' id='word_1_46' title='bbox 966 1015 1052 1097; x_wconf 91' lang='lat' dir='ltr'>quod</span> <span class='ocrx_word' id='word_1_47' title='bbox 1080 1021 1127 1079; x_wconf 87' lang='lat' dir='ltr'>est</span> <span class='ocrx_word' id='word_1_48' title='bbox 1152 1035 1206 1099; x_wconf 91' lang='lat' dir='ltr'>op-</span> 
     </span>
     <span class='ocr_line' id='line_1_8' title="bbox 138 1121 1206 1205; baseline 0 -21"><span class='ocrx_word' id='word_1_49' title='bbox 138 1123 263 1204; x_wconf 62' lang='lat' dir='ltr'>pidum‘</span> <span class='ocrx_word' id='word_1_50' title='bbox 283 1123 368 1205; x_wconf 86' lang='lat' dir='ltr'>apud</span> <span class='ocrx_word' id='word_1_51' title='bbox 400 1141 454 1185; x_wconf 93' lang='lat' dir='ltr'>eos</span> <span class='ocrx_word' id='word_1_52' title='bbox 486 1123 644 1185; x_wconf 87' lang='lat' dir='ltr'>maximae</span> <span class='ocrx_word' id='word_1_53' title='bbox 678 1123 887 1204; x_wconf 86' lang='lat' dir='ltr'>auctoritatis,</span> <span class='ocrx_word' id='word_1_54' title='bbox 921 1121 1206 1186; x_wconf 76' lang='lat' dir='ltr'>Conuictolitauem</span> 
     </span>
     <span class='ocr_line' id='line_1_9' title="bbox 99 1229 1207 1312; baseline -0.001 -20"><span class='ocrx_word' id='word_1_55' title='bbox 99 1251 127 1292; x_wconf 91' lang='lat'>10</span> <span class='ocrx_word' id='word_1_56' title='bbox 140 1231 361 1312; x_wconf 86' lang='lat' dir='ltr'>magistratum</span> <span class='ocrx_word' id='word_1_57' title='bbox 393 1248 605 1312; x_wconf 87' lang='lat' dir='ltr'>magnamque</span> <span class='ocrx_word' id='word_1_58' title='bbox 638 1234 757 1311; x_wconf 89' lang='lat' dir='ltr'>partem</span> <span class='ocrx_word' id='word_1_59' title='bbox 790 1234 918 1292; x_wconf 89' lang='lat' dir='ltr'>senatus</span> <span class='ocrx_word' id='word_1_60' title='bbox 953 1229 993 1292; x_wconf 90' lang='lat' dir='ltr'>ad</span> <span class='ocrx_word' id='word_1_61' title='bbox 1025 1249 1099 1292; x_wconf 94' lang='lat' dir='ltr'>eum</span> <span class='ocrx_word' id='word_1_62' title='bbox 1132 1249 1207 1293; x_wconf 90' lang='lat' dir='ltr'>oon-</span> 
     </span>
     <span class='ocr_line' id='line_1_10' title="bbox 141 1335 1208 1420; baseline 0 -22"><span class='ocrx_word' id='word_1_63' title='bbox 141 1337 279 1418; x_wconf 87' lang='lat' dir='ltr'>venisse,</span> <span class='ocrx_word' id='word_1_64' title='bbox 307 1336 427 1420; x_wconf 91' lang='lat' dir='ltr'>legatos</span> <span class='ocrx_word' id='word_1_65' title='bbox 451 1337 491 1399; x_wconf 88' lang='lat' dir='ltr'>ad</span> <span class='ocrx_word' id='word_1_66' title='bbox 514 1336 809 1420; x_wconf 85' lang='lat' dir='ltr'>Vercingetorigem</span> <span class='ocrx_word' id='word_1_67' title='bbox 837 1335 875 1399; x_wconf 92' lang='lat' dir='ltr'>de</span> <span class='ocrx_word' id='word_1_68' title='bbox 904 1355 980 1420; x_wconf 88' lang='lat' dir='ltr'>paee</span> <span class='ocrx_word' id='word_1_69' title='bbox 1010 1341 1042 1399; x_wconf 93' lang='lat' dir='ltr'>et</span> <span class='ocrx_word' id='word_1_70' title='bbox 1069 1337 1208 1399; x_wconf 85' lang='lat' dir='ltr'>amicitia</span> 
     </span>
     <span class='ocr_line' id='line_1_11' title="bbox 141 1442 1207 1527; baseline -0.001 -22"><span class='ocrx_word' id='word_1_71' title='bbox 141 1443 341 1506; x_wconf 88' lang='lat' dir='ltr'>concilianda</span> <span class='ocrx_word' id='word_1_72' title='bbox 363 1442 490 1527; x_wconf 90' lang='lat' dir='ltr'>publice</span> <span class='ocrx_word' id='word_1_73' title='bbox 515 1445 640 1525; x_wconf 75' lang='lat' dir='ltr'>missua,</span> <span class='ocrx_word' id='word_1_74' title='bbox 662 1462 728 1505; x_wconf 93' lang='lat' dir='ltr'>non</span> <span class='ocrx_word' id='word_1_75' title='bbox 746 1443 1065 1525; x_wconf 89' lang='lat' dir='ltr'>praetermittendum</span> <span class='ocrx_word' id='word_1_76' title='bbox 1084 1447 1207 1506; x_wconf 91' lang='lat' dir='ltr'>tantum</span> 
     </span>
     <span class='ocr_line' id='line_1_12' title="bbox 142 1548 1235 1630; baseline 0.003 -18"><span class='ocrx_word' id='word_1_77' title='bbox 142 1549 347 1612; x_wconf 91' lang='lat' dir='ltr'>commodum</span> <span class='ocrx_word' id='word_1_78' title='bbox 369 1551 640 1613; x_wconf 86' lang='lat' dir='ltr'>existimaverunt.</span> <span class='ocrx_word' id='word_1_79' title='bbox 686 1551 794 1630; x_wconf 91' lang='lat' dir='ltr'>itaque</span> <span class='ocrx_word' id='word_1_80' title='bbox 823 1549 997 1613; x_wconf 90' lang='lat' dir='ltr'>interfectis</span> <span class='ocrx_word' id='word_1_81' title='bbox 1024 1548 1235 1615; x_wconf 78' lang='lat' dir='ltr'>Noviodunia</span> 
     </span>
     <span class='ocr_line' id='line_1_13' title="bbox 143 1656 1210 1740; baseline 0.001 -22"><span class='ocrx_word' id='word_1_82' title='bbox 143 1656 327 1720; x_wconf 87' lang='lat' dir='ltr'>custodibus</span> <span class='ocrx_word' id='word_1_83' title='bbox 352 1656 472 1739; x_wconf 90' lang='lat' dir='ltr'>quique</span> <span class='ocrx_word' id='word_1_84' title='bbox 496 1675 532 1719; x_wconf 96' lang='lat' dir='ltr'>eo</span> <span class='ocrx_word' id='word_1_85' title='bbox 549 1657 733 1740; x_wconf 88' lang='lat' dir='ltr'>negotiandi</span> <span class='ocrx_word' id='word_1_86' title='bbox 749 1676 845 1719; x_wconf 91' lang='lat' dir='ltr'>causa</span> <span class='ocrx_word' id='word_1_87' title='bbox 861 1662 1090 1737; x_wconf 84' lang='lat' dir='ltr'>convenerant,</span> <span class='ocrx_word' id='word_1_88' title='bbox 1113 1675 1210 1739; x_wconf 87' lang='lat' dir='ltr'>pecu-</span> 
     </span>
     <span class='ocr_line' id='line_1_14' title="bbox 102 1761 1236 1847; baseline 0.002 -22"><span class='ocrx_word' id='word_1_89' title='bbox 102 1783 129 1825; x_wconf 79' lang='lat' dir='ltr'>ra</span> <span class='ocrx_word' id='word_1_90' title='bbox 143 1764 228 1825; x_wconf 89' lang='lat' dir='ltr'>niam</span> <span class='ocrx_word' id='word_1_91' title='bbox 251 1767 348 1846; x_wconf 89' lang='lat' dir='ltr'>atque</span> <span class='ocrx_word' id='word_1_92' title='bbox 371 1782 471 1847; x_wconf 90' lang='lat' dir='ltr'>equos</span> <span class='ocrx_word' id='word_1_93' title='bbox 493 1765 577 1826; x_wconf 92' lang='lat' dir='ltr'>inter</span> <span class='ocrx_word' id='word_1_94' title='bbox 599 1782 634 1826; x_wconf 91' lang='lat' dir='ltr'>se</span> <span class='ocrx_word' id='word_1_95' title='bbox 656 1764 764 1846; x_wconf 88' lang='lat' dir='ltr'>partiti</span> <span class='ocrx_word' id='word_1_96' title='bbox 787 1769 874 1844; x_wconf 86' lang='lat' dir='ltr'>sunt,</span> <span class='ocrx_word' id='word_1_97' title='bbox 899 1761 1025 1826; x_wconf 88' lang='lat' dir='ltr'>obsides</span> <span class='ocrx_word' id='word_1_98' title='bbox 1045 1764 1236 1827; x_wconf 84' lang='lat' dir='ltr'>civitatumc</span> 
     </span>
     <span class='ocr_line' id='line_1_15' title="bbox 144 1869 1237 1953; baseline 0.003 -21"><span class='ocrx_word' id='word_1_99' title='bbox 144 1869 293 1933; x_wconf 88' lang='lat' dir='ltr'>Bibracte</span> <span class='ocrx_word' id='word_1_100' title='bbox 308 1869 349 1932; x_wconf 93' lang='lat' dir='ltr'>ad</span> <span class='ocrx_word' id='word_1_101' title='bbox 363 1871 586 1953; x_wconf 88' lang='lat' dir='ltr'>magistratum</span> <span class='ocrx_word' id='word_1_102' title='bbox 602 1869 805 1933; x_wconf 89' lang='lat' dir='ltr'>deducendos</span> <span class='ocrx_word' id='word_1_103' title='bbox 822 1875 1028 1951; x_wconf 81' lang='lat' dir='ltr'>curaverunt,</span> <span class='ocrx_word' id='word_1_104' title='bbox 1050 1869 1209 1952; x_wconf 92' lang='lat' dir='ltr'>oppidum,</span> <span class='ocrx_word' id='word_1_105' title='bbox 1224 1895 1237 1935; x_wconf 79' lang='lat' dir='ltr'>r</span> 
     </span>
     <span class='ocr_line' id='line_1_16' title="bbox 144 1975 1210 2058; baseline -0.002 -19"><span class='ocrx_word' id='word_1_106' title='bbox 144 1975 232 2057; x_wconf 90' lang='lat' dir='ltr'>quod</span> <span class='ocrx_word' id='word_1_107' title='bbox 256 1996 275 2038; x_wconf 92' lang='lat' dir='ltr'>a</span> <span class='ocrx_word' id='word_1_108' title='bbox 298 1995 332 2040; x_wconf 92' lang='lat' dir='ltr'>se</span> <span class='ocrx_word' id='word_1_109' title='bbox 355 1977 456 2040; x_wconf 88' lang='lat' dir='ltr'>teneri</span> <span class='ocrx_word' id='word_1_110' title='bbox 479 1996 546 2039; x_wconf 93' lang='lat' dir='ltr'>non</span> <span class='ocrx_word' id='word_1_111' title='bbox 569 1995 661 2058; x_wconf 90' lang='lat' dir='ltr'>posse</span> <span class='ocrx_word' id='word_1_112' title='bbox 684 1976 883 2057; x_wconf 85' lang='lat' dir='ltr'>iudicabant,</span> <span class='ocrx_word' id='word_1_113' title='bbox 906 1995 947 2039; x_wconf 92' lang='lat' dir='ltr'>ne</span> <span class='ocrx_word' id='word_1_114' title='bbox 965 1977 1017 2039; x_wconf 90' lang='lat' dir='ltr'>cui</span> <span class='ocrx_word' id='word_1_115' title='bbox 1033 1980 1117 2039; x_wconf 90' lang='lat' dir='ltr'>esset</span> <span class='ocrx_word' id='word_1_116' title='bbox 1135 1976 1210 2038; x_wconf 91' lang='lat' dir='ltr'>usui</span> 
     </span>
     <span class='ocr_line' id='line_1_17' title="bbox 144 2082 1237 2166; baseline 0.003 -20"><span class='ocrx_word' id='word_1_117' title='bbox 144 2082 308 2166; x_wconf 74' lang='lat' dir='ltr'>Romania,</span> <span class='ocrx_word' id='word_1_118' title='bbox 341 2083 567 2165; x_wconf 86' lang='lat' dir='ltr'>incenderunt,</span> <span class='ocrx_word' id='word_1_119' title='bbox 599 2083 751 2146; x_wconf 88' lang='lat' dir='ltr'>frumenti</span> <span class='ocrx_word' id='word_1_120' title='bbox 784 2084 871 2163; x_wconf 92' lang='lat' dir='ltr'>quod</span> <span class='ocrx_word' id='word_1_121' title='bbox 903 2083 1007 2146; x_wconf 92' lang='lat' dir='ltr'>subito</span> <span class='ocrx_word' id='word_1_122' title='bbox 1037 2086 1237 2166; x_wconf 86' lang='lat' dir='ltr'>potuerunts</span> 
     </span>
     <span class='ocr_line' id='line_1_18' title="bbox 104 2173 1211 2273; baseline 0 -22"><span class='ocrx_word' id='word_1_123' title='bbox 104 2173 106 2177; x_wconf 45' lang='grc'>’</span> <span class='ocrx_word' id='word_1_124' title='bbox 144 2189 281 2253; x_wconf 83' lang='lat' dir='ltr'>navibus</span> <span class='ocrx_word' id='word_1_125' title='bbox 305 2195 496 2271; x_wconf 83' lang='lat' dir='ltr'>avexerunt,</span> <span class='ocrx_word' id='word_1_126' title='bbox 519 2191 680 2272; x_wconf 91' lang='lat' dir='ltr'>reliquum</span> <span class='ocrx_word' id='word_1_127' title='bbox 702 2190 835 2253; x_wconf 78' lang='lat' dir='ltr'>flumine</span> <span class='ocrx_word' id='word_1_128' title='bbox 859 2196 954 2273; x_wconf 89' lang='lat' dir='ltr'>atque</span> <span class='ocrx_word' id='word_1_129' title='bbox 973 2191 1122 2253; x_wconf 88' lang='lat' dir='ltr'>incendio</span> <span class='ocrx_word' id='word_1_130' title='bbox 1143 2209 1211 2252; x_wconf 93' lang='lat' dir='ltr'>cor-</span> 
     </span>
     <span class='ocr_line' id='line_1_19' title="bbox 104 2296 1238 2380; baseline 0.006 -24"><span class='ocrx_word' id='word_1_131' title='bbox 104 2314 132 2356; x_wconf 87' lang='lat'>20</span> <span class='ocrx_word' id='word_1_132' title='bbox 145 2301 315 2380; x_wconf 88' lang='lat' dir='ltr'>ruperunt,</span> <span class='ocrx_word' id='word_1_133' title='bbox 338 2297 400 2379; x_wconf 92' lang='lat' dir='ltr'>ipsi</span> <span class='ocrx_word' id='word_1_134' title='bbox 418 2316 460 2360; x_wconf 91' lang='lat' dir='ltr'>ex</span> <span class='ocrx_word' id='word_1_135' title='bbox 479 2296 623 2360; x_wconf 89' lang='lat' dir='ltr'>finitimis</span> <span class='ocrx_word' id='word_1_136' title='bbox 642 2297 826 2380; x_wconf 90' lang='lat' dir='ltr'>regionibus</span> <span class='ocrx_word' id='word_1_137' title='bbox 847 2298 954 2380; x_wconf 87' lang='lat' dir='ltr'>copias</span> <span class='ocrx_word' id='word_1_138' title='bbox 973 2316 1098 2379; x_wconf 88' lang='lat' dir='ltr'>eogere,</span> <span class='ocrx_word' id='word_1_139' title='bbox 1121 2317 1238 2379; x_wconf 86' lang='lat' dir='ltr'>prae-a</span> 
     </span>
     <span class='ocr_line' id='line_1_20' title="bbox 146 2402 1211 2487; baseline -0.001 -21"><span class='ocrx_word' id='word_1_140' title='bbox 146 2403 227 2466; x_wconf 90' lang='lat' dir='ltr'>sidia</span> <span class='ocrx_word' id='word_1_141' title='bbox 242 2403 468 2486; x_wconf 87' lang='lat' dir='ltr'>custodiasque</span> <span class='ocrx_word' id='word_1_142' title='bbox 493 2403 533 2466; x_wconf 92' lang='lat' dir='ltr'>ad</span> <span class='ocrx_word' id='word_1_143' title='bbox 548 2405 632 2487; x_wconf 85' lang='lat' dir='ltr'>ripas</span> <span class='ocrx_word' id='word_1_144' title='bbox 648 2402 770 2486; x_wconf 88' lang='lat' dir='ltr'>Ligeris</span> <span class='ocrx_word' id='word_1_145' title='bbox 787 2403 955 2486; x_wconf 89' lang='lat' dir='ltr'>disponere</span> <span class='ocrx_word' id='word_1_146' title='bbox 971 2405 1211 2484; x_wconf 90' lang='lat' dir='ltr'>equitatumque</span> 
     </span>
     <span class='ocr_line' id='line_1_21' title="bbox 147 2510 1212 2592; baseline -0.003 -19"><span class='ocrx_word' id='word_1_147' title='bbox 147 2510 294 2573; x_wconf 92' lang='lat' dir='ltr'>omnibus</span> <span class='ocrx_word' id='word_1_148' title='bbox 317 2510 396 2573; x_wconf 87' lang='lat' dir='ltr'>locis</span> <span class='ocrx_word' id='word_1_149' title='bbox 420 2510 573 2574; x_wconf 90' lang='lat' dir='ltr'>iniciendi</span> <span class='ocrx_word' id='word_1_150' title='bbox 597 2511 720 2573; x_wconf 90' lang='lat' dir='ltr'>timoris</span> <span class='ocrx_word' id='word_1_151' title='bbox 740 2530 835 2573; x_wconf 91' lang='lat' dir='ltr'>causa</span> <span class='ocrx_word' id='word_1_152' title='bbox 855 2515 1011 2573; x_wconf 89' lang='lat' dir='ltr'>ostentare</span> <span class='ocrx_word' id='word_1_153' title='bbox 1031 2516 1212 2592; x_wconf 90' lang='lat' dir='ltr'>coeperunt,</span> 
     </span>
     <span class='ocr_line' id='line_1_22' title="bbox 147 2616 1213 2699; baseline -0.002 -19"><span class='ocrx_word' id='word_1_154' title='bbox 147 2618 174 2680; x_wconf 90' lang='lat' dir='ltr'>si</span> <span class='ocrx_word' id='word_1_155' title='bbox 201 2617 240 2680; x_wconf 91' lang='lat' dir='ltr'>ab</span> <span class='ocrx_word' id='word_1_156' title='bbox 268 2635 303 2680; x_wconf 89' lang='lat' dir='ltr'>re</span> <span class='ocrx_word' id='word_1_157' title='bbox 330 2616 536 2681; x_wconf 85' lang='lat' dir='ltr'>frumentaria</span> <span class='ocrx_word' id='word_1_158' title='bbox 563 2617 723 2680; x_wconf 87' lang='lat' dir='ltr'>Romanos</span> <span class='ocrx_word' id='word_1_159' title='bbox 755 2618 926 2680; x_wconf 79' lang='lat' dir='ltr'>excludere</span> <span class='ocrx_word' id='word_1_160' title='bbox 960 2616 1028 2699; x_wconf 86' lang='lat' dir='ltr'>[aut</span> <span class='ocrx_word' id='word_1_161' title='bbox 1059 2616 1213 2678; x_wconf 88' lang='lat' dir='ltr'>adductos</span> 
     </span>
     <span class='ocr_line' id='line_1_23' title="bbox 147 2722 1255 2807; baseline 0.004 -22"><span class='ocrx_word' id='word_1_162' title='bbox 147 2723 255 2806; x_wconf 89' lang='lat' dir='ltr'>inopia</span> <span class='ocrx_word' id='word_1_163' title='bbox 281 2742 323 2786; x_wconf 89' lang='lat' dir='ltr'>ex</span> <span class='ocrx_word' id='word_1_164' title='bbox 350 2724 515 2807; x_wconf 82' lang='lat' dir='ltr'>provincia</span> <span class='ocrx_word' id='word_1_165' title='bbox 543 2723 712 2807; x_wconf 80' lang='lat' dir='ltr'>expellere]</span> <span class='ocrx_word' id='word_1_166' title='bbox 745 2729 881 2806; x_wconf 90' lang='lat' dir='ltr'>possent.</span> <span class='ocrx_word' id='word_1_167' title='bbox 933 2743 1029 2806; x_wconf 83' lang='lat' dir='ltr'>quam</span> <span class='ocrx_word' id='word_1_168' title='bbox 1058 2722 1098 2785; x_wconf 93' lang='lat' dir='ltr'>ad</span> <span class='ocrx_word' id='word_1_169' title='bbox 1126 2742 1215 2804; x_wconf 93' lang='lat' dir='ltr'>spem</span> <span class='ocrx_word' id='word_1_170' title='bbox 1229 2747 1255 2789; x_wconf 85' lang='lat' dir='ltr'>ro</span> 
     </span>
     <span class='ocr_line' id='line_1_24' title="bbox 107 2830 1215 2914; baseline 0.002 -25"><span class='ocrx_word' id='word_1_171' title='bbox 107 2846 135 2889; x_wconf 78' lang='lat' dir='ltr'>aa</span> <span class='ocrx_word' id='word_1_172' title='bbox 148 2831 284 2893; x_wconf 90' lang='lat' dir='ltr'>multum</span> <span class='ocrx_word' id='word_1_173' title='bbox 300 2849 355 2894; x_wconf 91' lang='lat' dir='ltr'>eos</span> <span class='ocrx_word' id='word_1_174' title='bbox 371 2830 553 2913; x_wconf 89' lang='lat' dir='ltr'>adiuvabat,</span> <span class='ocrx_word' id='word_1_175' title='bbox 578 2831 664 2912; x_wconf 93' lang='lat' dir='ltr'>quod</span> <span class='ocrx_word' id='word_1_176' title='bbox 680 2830 775 2914; x_wconf 90' lang='lat' dir='ltr'>Liger</span> <span class='ocrx_word' id='word_1_177' title='bbox 795 2850 836 2894; x_wconf 89' lang='lat' dir='ltr'>ex</span> <span class='ocrx_word' id='word_1_178' title='bbox 857 2831 985 2893; x_wconf 88' lang='lat' dir='ltr'>nivibus</span> <span class='ocrx_word' id='word_1_179' title='bbox 1002 2834 1154 2911; x_wconf 86' lang='lat' dir='ltr'>creverat,</span> <span class='ocrx_word' id='word_1_180' title='bbox 1179 2833 1215 2891; x_wconf 91' lang='lat' dir='ltr'>ut</span> 
     </span>
     <span class='ocr_line' id='line_1_25' title="bbox 122 2934 1269 3021; baseline 0.002 -26"><span class='ocrx_word' id='word_1_181' title='bbox 122 2938 278 3000; x_wconf 91' lang='lat' dir='ltr'>10mniuo</span> <span class='ocrx_word' id='word_1_182' title='bbox 301 2937 383 3000; x_wconf 88' lang='lat' dir='ltr'>vado</span> <span class='ocrx_word' id='word_1_183' title='bbox 407 2956 472 3000; x_wconf 91' lang='lat' dir='ltr'>non</span> <span class='ocrx_word' id='word_1_184' title='bbox 495 2956 587 3021; x_wconf 89' lang='lat' dir='ltr'>posse</span> <span class='ocrx_word' id='word_1_185' title='bbox 613 2939 741 3001; x_wconf 86' lang='lat' dir='ltr'>transiri</span> <span class='ocrx_word' id='word_1_186' title='bbox 766 2937 934 3000; x_wconf 86' lang='lat' dir='ltr'>videretur.</span> <span class='ocrx_word' id='word_1_187' title='bbox 973 2935 1095 3012; x_wconf 79' lang='lat' dir='ltr'>Quibus</span> <span class='ocrx_word' id='word_1_188' title='bbox 1118 2934 1214 2998; x_wconf 91' lang='lat' dir='ltr'>rebus</span> <span class='ocrx_word' id='word_1_189' title='bbox 1233 2952 1269 3006; x_wconf 68' lang='lat' dir='ltr'>sc</span> 
     </span>
     <span class='ocr_line' id='line_1_26' title="bbox 150 3043 1215 3127; baseline -0.002 -21"><span class='ocrx_word' id='word_1_190' title='bbox 150 3045 283 3127; x_wconf 86' lang='lat' dir='ltr'>cognitis</span> <span class='ocrx_word' id='word_1_191' title='bbox 307 3043 423 3108; x_wconf 78' lang='lat' dir='ltr'>Caesar</span> <span class='ocrx_word' id='word_1_192' title='bbox 445 3045 670 3108; x_wconf 87' lang='lat' dir='ltr'>maturandum</span> <span class='ocrx_word' id='word_1_193' title='bbox 694 3044 755 3107; x_wconf 89' lang='lat' dir='ltr'>sibi</span> <span class='ocrx_word' id='word_1_194' title='bbox 771 3045 908 3125; x_wconf 89' lang='lat' dir='ltr'>censuit,</span> <span class='ocrx_word' id='word_1_195' title='bbox 932 3045 959 3106; x_wconf 90' lang='lat' dir='ltr'>si</span> <span class='ocrx_word' id='word_1_196' title='bbox 983 3048 1066 3107; x_wconf 91' lang='lat' dir='ltr'>esset</span> <span class='ocrx_word' id='word_1_197' title='bbox 1088 3045 1122 3104; x_wconf 90' lang='lat' dir='ltr'>in</span> <span class='ocrx_word' id='word_1_198' title='bbox 1144 3061 1215 3125; x_wconf 87' lang='lat' dir='ltr'>per-</span> 
     </span>
     <span class='ocr_line' id='line_1_27' title="bbox 149 3150 1217 3234; baseline 0 -22"><span class='ocrx_word' id='word_1_199' title='bbox 149 3150 294 3215; x_wconf 91' lang='lat' dir='ltr'>ficiendis</span> <span class='ocrx_word' id='word_1_200' title='bbox 320 3151 471 3234; x_wconf 89' lang='lat' dir='ltr'>pontibus</span> <span class='ocrx_word' id='word_1_201' title='bbox 498 3152 755 3234; x_wconf 87' lang='lat' dir='ltr'>periclitandum,</span> <span class='ocrx_word' id='word_1_202' title='bbox 788 3156 824 3213; x_wconf 93' lang='lat' dir='ltr'>ut</span> <span class='ocrx_word' id='word_1_203' title='bbox 850 3152 951 3233; x_wconf 92' lang='lat' dir='ltr'>prius,</span> <span class='ocrx_word' id='word_1_204' title='bbox 985 3169 1082 3231; x_wconf 90' lang='lat' dir='ltr'>quam</span> <span class='ocrx_word' id='word_1_205' title='bbox 1110 3154 1217 3213; x_wconf 90' lang='lat' dir='ltr'>essent</span> 
     </span>
     <span class='ocr_line' id='line_1_28' title="bbox 151 3257 1244 3340; baseline 0.004 -22"><span class='ocrx_word' id='word_1_206' title='bbox 151 3257 285 3322; x_wconf 87' lang='lat' dir='ltr'>maiores</span> <span class='ocrx_word' id='word_1_207' title='bbox 309 3277 346 3322; x_wconf 94' lang='lat' dir='ltr'>eo</span> <span class='ocrx_word' id='word_1_208' title='bbox 371 3263 497 3322; x_wconf 84' lang='lat' dir='ltr'>coactae</span> <span class='ocrx_word' id='word_1_209' title='bbox 521 3259 642 3340; x_wconf 87' lang='lat' dir='ltr'>copiae,</span> <span class='ocrx_word' id='word_1_210' title='bbox 666 3258 837 3320; x_wconf 86' lang='lat' dir='ltr'>dimicaret.</span> <span class='ocrx_word' id='word_1_211' title='bbox 875 3277 950 3319; x_wconf 85' lang='lat' dir='ltr'>nam</span> <span class='ocrx_word' id='word_1_212' title='bbox 965 3277 1005 3321; x_wconf 93' lang='lat' dir='ltr'>ne</span> <span class='ocrx_word' id='word_1_213' title='bbox 1023 3262 1244 3322; x_wconf 79' lang='lat' dir='ltr'>commutator</span> 
     </span>
     <span class='ocr_line' id='line_1_29' title="bbox 124 3363 1216 3449; baseline 0 -23"><span class='ocrx_word' id='word_1_214' title='bbox 124 3364 282 3428; x_wconf 71' lang='lat' dir='ltr'>tconsilio</span> <span class='ocrx_word' id='word_1_215' title='bbox 312 3365 373 3427; x_wconf 89' lang='lat' dir='ltr'>iter</span> <span class='ocrx_word' id='word_1_216' title='bbox 400 3366 434 3427; x_wconf 90' lang='lat' dir='ltr'>in</span> <span class='ocrx_word' id='word_1_217' title='bbox 461 3366 659 3448; x_wconf 87' lang='lat' dir='ltr'>provinciam</span> <span class='ocrx_word' id='word_1_218' title='bbox 688 3368 897 3446; x_wconf 89' lang='lat' dir='ltr'>converteret,</span> <span class='ocrx_word' id='word_1_219' title='bbox 931 3369 966 3427; x_wconf 94' lang='lat' dir='ltr'>ut</span> <span class='ocrx_word' id='word_1_220' title='bbox 996 3363 1091 3449; x_wconf 83' lang='lat' dir='ltr'>&lt;non&gt;</span> <span class='ocrx_word' id='word_1_221' title='bbox 1122 3383 1216 3428; x_wconf 90' lang='lat' dir='ltr'>nemo</span> 
     </span>
    </p>
   </div>
   <div class='ocr_carea' id='block_1_3' title="bbox 152 3539 1220 4322">
    <p class='ocr_par' dir='ltr' id='par_1_3' title="bbox 152 3539 1220 4142">
     <span class='ocr_line' id='line_1_30' title="bbox 238 3539 1217 3611; baseline -0.004 -15"><span class='ocrx_word' id='word_1_222' title='bbox 238 3540 285 3596; x_wconf 72' lang='lat'>55.</span> <span class='ocrx_word' id='word_1_223' title='bbox 304 3539 322 3595; x_wconf 89' lang='lat'>8</span> <span class='ocrx_word' id='word_1_224' title='bbox 340 3539 477 3594; x_wconf 85' lang='lat' dir='ltr'>litauioum</span> <span class='ocrx_word' id='word_1_225' title='bbox 498 3539 553 3608; x_wconf 84' lang='lat' dir='ltr'><em>S(f)</em></span> <span class='ocrx_word' id='word_1_226' title='bbox 586 3541 594 3609; x_wconf 94' lang='grc' dir='ltr'>ΗΗ</span> <span class='ocrx_word' id='word_1_227' title='bbox 626 3540 737 3595; x_wconf 89' lang='lat' dir='ltr'>bibracti</span> <span class='ocrx_word' id='word_1_228' title='bbox 757 3561 774 3593; x_wconf 81' lang='lat' dir='ltr'>u</span> <span class='ocrx_word' id='word_1_229' title='bbox 806 3542 814 3610; x_wconf 93' lang='grc' dir='ltr'>ΗΗ</span> <span class='ocrx_word' id='word_1_230' title='bbox 847 3542 1015 3611; x_wconf 77' lang='lat' dir='ltr'>9magnaep</span> <span class='ocrx_word' id='word_1_231' title='bbox 1047 3541 1056 3609; x_wconf 89' lang='grc' dir='ltr'>ΗΗ</span> <span class='ocrx_word' id='word_1_232' title='bbox 1082 3540 1217 3594; x_wconf 87' lang='lat' dir='ltr'>conuicto-</span> 
     </span>
     <span class='ocr_line' id='line_1_31' title="bbox 152 3627 1217 3700; baseline 0.001 -20"><span class='ocrx_word' id='word_1_233' title='bbox 152 3627 252 3682; x_wconf 79' lang='lat' dir='ltr'>litabim</span> <span class='ocrx_word' id='word_1_234' title='bbox 271 3648 289 3680; x_wconf 82' lang='lat' dir='ltr'>u</span> <span class='ocrx_word' id='word_1_235' title='bbox 321 3632 330 3696; x_wconf 95' lang='grc' dir='ltr'>ΗΗ</span> <span class='ocrx_word' id='word_1_236' title='bbox 364 3631 395 3682; x_wconf 90' lang='grc'>11</span> <span class='ocrx_word' id='word_1_237' title='bbox 416 3631 443 3683; x_wconf 87' lang='lat' dir='ltr'>et</span> <span class='ocrx_word' id='word_1_238' title='bbox 462 3629 509 3696; x_wconf 67' lang='lat' dir='ltr'>aa,</span> <span class='ocrx_word' id='word_1_239' title='bbox 530 3635 557 3683; x_wconf 93' lang='lat' dir='ltr'>et</span> <span class='ocrx_word' id='word_1_240' title='bbox 575 3630 642 3695; x_wconf 66' lang='lat' dir='ltr'>dep</span> <span class='ocrx_word' id='word_1_241' title='bbox 673 3630 682 3697; x_wconf 93' lang='grc' dir='ltr'>ΗΗ</span> <span class='ocrx_word' id='word_1_242' title='bbox 715 3631 748 3682; x_wconf 87' lang='grc'>12</span> <span class='ocrx_word' id='word_1_243' title='bbox 767 3633 872 3684; x_wconf 84' lang='lat' dir='ltr'>tantum</span> <span class='ocrx_word' id='word_1_244' title='bbox 892 3649 917 3699; x_wconf 72' lang='lat' dir='ltr'>tq</span> <span class='ocrx_word' id='word_1_245' title='bbox 937 3631 1040 3684; x_wconf 89' lang='lat' dir='ltr'>instans</span> <span class='ocrx_word' id='word_1_246' title='bbox 1053 3631 1155 3682; x_wconf 83' lang='lat' dir='ltr'>tantum</span> <span class='ocrx_word' id='word_1_247' title='bbox 1174 3635 1191 3694; x_wconf 73' lang='grc' dir='ltr'><em>β</em></span> <span class='ocrx_word' id='word_1_248' title='bbox 1210 3627 1217 3700; x_wconf 90' lang='grc' dir='ltr'>ΗΗ</span> 
     </span>
     <span class='ocr_line' id='line_1_32' title="bbox 156 3716 1216 3789; baseline 0.001 -20"><span class='ocrx_word' id='word_1_249' title='bbox 156 3717 187 3769; x_wconf 87' lang='grc'>14</span> <span class='ocrx_word' id='word_1_250' title='bbox 204 3717 363 3787; x_wconf 87' lang='lat' dir='ltr'>negotiandi]</span> <span class='ocrx_word' id='word_1_251' title='bbox 383 3720 430 3772; x_wconf 84' lang='lat' dir='ltr'>aut</span> <span class='ocrx_word' id='word_1_252' title='bbox 447 3718 548 3772; x_wconf 88' lang='lat' dir='ltr'>itineris</span> <span class='ocrx_word' id='word_1_253' title='bbox 567 3719 665 3786; x_wconf 68' lang='lat' dir='ltr'>addp</span> <span class='ocrx_word' id='word_1_254' title='bbox 697 3720 705 3788; x_wconf 96' lang='grc' dir='ltr'>ΗΗ</span> <span class='ocrx_word' id='word_1_255' title='bbox 742 3721 774 3773; x_wconf 87' lang='grc'>15</span> <span class='ocrx_word' id='word_1_256' title='bbox 794 3720 943 3773; x_wconf 85' lang='lat' dir='ltr'>ciuitatium</span> <span class='ocrx_word' id='word_1_257' title='bbox 963 3737 998 3789; x_wconf 80' lang='lat' dir='ltr'>pa</span> <span class='ocrx_word' id='word_1_258' title='bbox 1029 3720 1037 3788; x_wconf 94' lang='grc' dir='ltr'>ΗΗ</span> <span class='ocrx_word' id='word_1_259' title='bbox 1072 3720 1102 3770; x_wconf 84' lang='lat'>17</span> <span class='ocrx_word' id='word_1_260' title='bbox 1123 3718 1155 3770; x_wconf 87' lang='lat' dir='ltr'>ab</span> <span class='ocrx_word' id='word_1_261' title='bbox 1173 3725 1190 3784; x_wconf 76' lang='grc' dir='ltr'>β</span> <span class='ocrx_word' id='word_1_262' title='bbox 1209 3716 1216 3788; x_wconf 95' lang='grc' dir='ltr'>ΗΗ</span> 
     </span>
     <span class='ocr_line' id='line_1_33' title="bbox 153 3805 1219 3878; baseline -0.002 -18"><span class='ocrx_word' id='word_1_263' title='bbox 153 3806 197 3860; x_wconf 89' lang='lat' dir='ltr'>cui</span> <span class='ocrx_word' id='word_1_264' title='bbox 214 3805 269 3873; x_wconf 68' lang='lat' dir='ltr'>Afl3</span> <span class='ocrx_word' id='word_1_265' title='bbox 288 3823 340 3875; x_wconf 89' lang='lat' dir='ltr'>quo</span> <span class='ocrx_word' id='word_1_266' title='bbox 360 3826 377 3858; x_wconf 85' lang='grc' dir='ltr'><em>α</em></span> <span class='ocrx_word' id='word_1_267' title='bbox 409 3807 418 3875; x_wconf 95' lang='grc' dir='ltr'>ΗΗ</span> <span class='ocrx_word' id='word_1_268' title='bbox 451 3807 484 3861; x_wconf 89' lang='grc'>18</span> <span class='ocrx_word' id='word_1_269' title='bbox 504 3807 703 3861; x_wconf 83' lang='lat' dir='ltr'>frumentumS</span> <span class='ocrx_word' id='word_1_270' title='bbox 732 3810 740 3878; x_wconf 94' lang='grc' dir='ltr'>ΗΗ</span> <span class='ocrx_word' id='word_1_271' title='bbox 774 3810 807 3862; x_wconf 84' lang='grc'>19</span> <span class='ocrx_word' id='word_1_272' title='bbox 821 3806 1192 3876; x_wconf 76' lang='lat' dir='ltr'>incendioatquefluminerr</span> <span class='ocrx_word' id='word_1_273' title='bbox 1211 3806 1219 3877; x_wconf 93' lang='grc' dir='ltr'>ΗΗ</span> 
     </span>
     <span class='ocr_line' id='line_1_34' title="bbox 154 3894 1219 3965; baseline -0.001 -17"><span class='ocrx_word' id='word_1_274' title='bbox 154 3894 187 3948; x_wconf 83' lang='grc'>23</span> <span class='ocrx_word' id='word_1_275' title='bbox 206 3894 239 3949; x_wconf 83' lang='lat' dir='ltr'>ab</span> <span class='ocrx_word' id='word_1_276' title='bbox 258 3912 311 3949; x_wconf 88' lang='lat' dir='ltr'>om.</span> <span class='ocrx_word' id='word_1_277' title='bbox 330 3902 347 3961; x_wconf 78' lang='grc' dir='ltr'><em>β</em></span> <span class='ocrx_word' id='word_1_278' title='bbox 378 3895 386 3964; x_wconf 95' lang='grc' dir='ltr'>ΗΗ</span> <span class='ocrx_word' id='word_1_279' title='bbox 419 3896 454 3949; x_wconf 86' lang='grc'>24</span> <span class='ocrx_word' id='word_1_280' title='bbox 472 3913 507 3949; x_wconf 90' lang='lat' dir='ltr'>ex</span> <span class='ocrx_word' id='word_1_281' title='bbox 524 3897 662 3964; x_wconf 87' lang='lat' dir='ltr'>prouincia</span> <span class='ocrx_word' id='word_1_282' title='bbox 681 3916 709 3965; x_wconf 72' lang='lat' dir='ltr'>a,</span> <span class='ocrx_word' id='word_1_283' title='bbox 734 3898 871 3965; x_wconf 89' lang='lat' dir='ltr'>prouincia</span> <span class='ocrx_word' id='word_1_284' title='bbox 888 3905 916 3965; x_wconf 64' lang='lat' dir='ltr'>p,</span> <span class='ocrx_word' id='word_1_285' title='bbox 936 3898 964 3949; x_wconf 92' lang='lat' dir='ltr'>in</span> <span class='ocrx_word' id='word_1_286' title='bbox 983 3896 1145 3965; x_wconf 88' lang='lat' dir='ltr'>prouinciam</span> <span class='ocrx_word' id='word_1_287' title='bbox 1164 3894 1219 3947; x_wconf 76' lang='lat' dir='ltr'>Ni-</span> 
     </span>
     <span class='ocr_line' id='line_1_35' title="bbox 154 3980 1220 4055; baseline 0.002 -18"><span class='ocrx_word' id='word_1_288' title='bbox 154 3983 249 4038; x_wconf 81' lang='lat' dir='ltr'>eooius</span> <span class='ocrx_word' id='word_1_289' title='bbox 281 3986 290 4050; x_wconf 90' lang='grc' dir='ltr'>ΗΗ</span> <span class='ocrx_word' id='word_1_290' title='bbox 323 3984 456 4052; x_wconf 87' lang='lat' dir='ltr'>expellere</span> <span class='ocrx_word' id='word_1_291' title='bbox 476 4005 505 4053; x_wconf 76' lang='lat' dir='ltr'>a,</span> <span class='ocrx_word' id='word_1_292' title='bbox 525 3985 702 4054; x_wconf 52' lang='lat' dir='ltr'>excluderet?</span> <span class='ocrx_word' id='word_1_293' title='bbox 733 3987 741 4055; x_wconf 93' lang='grc' dir='ltr'>ΗΗ</span> <span class='ocrx_word' id='word_1_294' title='bbox 773 3980 815 4040; x_wconf 83' lang='grc'>23.</span> <span class='ocrx_word' id='word_1_295' title='bbox 831 3987 865 4039; x_wconf 85' lang='grc'>24</span> <span class='ocrx_word' id='word_1_296' title='bbox 882 3989 928 4040; x_wconf 91' lang='lat' dir='ltr'>aut</span> <span class='ocrx_word' id='word_1_297' title='bbox 945 3987 1004 4040; x_wconf 89' lang='lat' dir='ltr'>add.</span> <span class='ocrx_word' id='word_1_298' title='bbox 1086 3984 1220 4053; x_wconf 86' lang='lat' dir='ltr'>expellere</span> 
     </span>
     <span class='ocr_line' id='line_1_36' title="bbox 154 4072 593 4142; baseline 0.002 -17"><span class='ocrx_word' id='word_1_299' title='bbox 154 4072 202 4126; x_wconf 76' lang='lat' dir='ltr'>del.</span> <span class='ocrx_word' id='word_1_300' title='bbox 222 4073 320 4127; x_wconf 82' lang='lat' dir='ltr'>Morus</span> <span class='ocrx_word' id='word_1_301' title='bbox 352 4073 361 4141; x_wconf 93' lang='grc' dir='ltr'>Η</span> <span class='ocrx_word' id='word_1_302' title='bbox 393 4074 427 4128; x_wconf 94' lang='grc'>26</span> <span class='ocrx_word' id='word_1_303' title='bbox 446 4075 593 4142; x_wconf 54' lang='lat' dir='ltr'>transires</span> 
     </span>
    </p>

    <p class='ocr_par' dir='ltr' id='par_1_4' title="bbox 154 4162 1220 4322">
     <span class='ocr_line' id='line_1_37' title="bbox 241 4162 1220 4235; baseline -0.001 -17"><span class='ocrx_word' id='word_1_304' title='bbox 241 4163 288 4218; x_wconf 76' lang='lat'>56.</span> <span class='ocrx_word' id='word_1_305' title='bbox 307 4162 325 4215; x_wconf 89' lang='grc'>4</span> <span class='ocrx_word' id='word_1_306' title='bbox 343 4179 376 4216; x_wconf 91' lang='lat' dir='ltr'>ne</span> <span class='ocrx_word' id='word_1_307' title='bbox 390 4163 542 4232; x_wconf 59' lang='lat' dir='ltr'>Hiberiam,</span> <span class='ocrx_word' id='word_1_308' title='bbox 561 4163 634 4216; x_wconf 83' lang='lat' dir='ltr'>utx</span> <span class='ocrx_word' id='word_1_309' title='bbox 660 4166 668 4234; x_wconf 95' lang='grc' dir='ltr'>ΗΗ</span> <span class='ocrx_word' id='word_1_310' title='bbox 694 4165 782 4218; x_wconf 76' lang='lat' dir='ltr'>bnon</span> <span class='ocrx_word' id='word_1_311' title='bbox 800 4165 861 4218; x_wconf 85' lang='lat' dir='ltr'>add.</span> <span class='ocrx_word' id='word_1_312' title='bbox 881 4164 969 4218; x_wconf 75' lang='lat' dir='ltr'>Oiccc.</span> <span class='ocrx_word' id='word_1_313' title='bbox 996 4169 1004 4232; x_wconf 92' lang='grc' dir='ltr'>ΗΗ</span> <span class='ocrx_word' id='word_1_314' title='bbox 1033 4163 1191 4219; x_wconf 79' lang='lat' dir='ltr'>titumAld.</span> <span class='ocrx_word' id='word_1_315' title='bbox 1212 4163 1220 4235; x_wconf 93' lang='grc' dir='ltr'>ΗΗ</span> 
     </span>
     <span class='ocr_line' id='line_1_38' title="bbox 154 4250 973 4322; baseline 0.002 -19"><span class='ocrx_word' id='word_1_316' title='bbox 154 4250 179 4303; x_wconf 83' lang='grc'>5.</span> <span class='ocrx_word' id='word_1_317' title='bbox 199 4250 216 4304; x_wconf 91' lang='grc'><strong>6</strong></span> <span class='ocrx_word' id='word_1_318' title='bbox 234 4253 265 4304; x_wconf 89' lang='lat' dir='ltr'>ut</span> <span class='ocrx_word' id='word_1_319' title='bbox 283 4267 360 4304; x_wconf 88' lang='lat' dir='ltr'>nemo</span> <span class='ocrx_word' id='word_1_320' title='bbox 379 4254 442 4305; x_wconf 88' lang='lat' dir='ltr'>tunc</span> <span class='ocrx_word' id='word_1_321' title='bbox 462 4253 567 4320; x_wconf 90' lang='lat' dir='ltr'>quidem</span> <span class='ocrx_word' id='word_1_322' title='bbox 587 4260 615 4320; x_wconf 65' lang='lat'>,33</span> <span class='ocrx_word' id='word_1_323' title='bbox 635 4256 665 4306; x_wconf 91' lang='lat' dir='ltr'>ut</span> <span class='ocrx_word' id='word_1_324' title='bbox 683 4269 716 4306; x_wconf 89' lang='lat' dir='ltr'>ne</span> <span class='ocrx_word' id='word_1_325' title='bbox 735 4256 811 4307; x_wconf 89' lang='lat' dir='ltr'>motu</span> <span class='ocrx_word' id='word_1_326' title='bbox 829 4253 935 4322; x_wconf 88' lang='lat' dir='ltr'>quidem</span> <span class='ocrx_word' id='word_1_327' title='bbox 955 4274 973 4306; x_wconf 82' lang='lat' dir='ltr'>u</span> 
     </span>
    </p>
   </div>
   <div class='ocr_carea' id='block_1_4' title="bbox 200 4355 1061 4413">
    <p class='ocr_par' dir='ltr' id='par_1_5' title="bbox 200 4355 1061 4413">
     <span class='ocr_line' id='line_1_39' title="bbox 200 4355 1061 4413; baseline 0.016 -14"><span class='ocrx_word' id='word_1_328' title='bbox 200 4355 280 4400; x_wconf 77' lang='lat' dir='ltr'>Caesar</span> <span class='ocrx_word' id='word_1_329' title='bbox 292 4357 310 4402; x_wconf 84' lang='lat'>1.</span> <span class='ocrx_word' id='word_1_330' title='bbox 325 4358 360 4403; x_wconf 90' lang='lat' dir='ltr'>ed.</span> <span class='ocrx_word' id='word_1_331' title='bbox 375 4358 464 4402; x_wconf 84' lang='lat' dir='ltr'>Mensel.</span> <span class='ocrx_word' id='word_1_332' title='bbox 1029 4361 1061 4413; x_wconf 87' lang='lat'>13</span> 
     </span>
    </p>
   </div>
   <div class='ocr_carea' id='block_1_5' title="bbox 0 0 1486 4808">
    <p class='ocr_par' dir='ltr' id='par_1_6' title="bbox 0 0 1486 4808">
     <span class='ocr_line' id='line_1_40' title="bbox 0 0 1486 4808; baseline 0 0"><span class='ocrx_word' id='word_1_333' title='bbox 0 0 1486 4808; x_wconf 95' lang='lat' dir='ltr'> </span> 
     </span>
    </p>
   </div>
  </div>
 </body>
</html>
