2924 4808
477 284 584 346 LIBER
602 291 662 345 VII.
683 290 759 346 CAP.
778 291 897 347 68-71.
1155 280 1219 342 203

114 454 250 521 rfirmis
275 453 443 538 praesidiis
466 454 664 518 tenebantur.
712 452 814 537 Opere
837 454 983 518 instituto
1012 455 1049 518 fit
1071 462 1219 538 equestre
1239 467 1276 522 to

146 561 308 646 proelium
335 562 369 623 in
393 579 430 624 ea
457 561 602 644 planitie,
636 581 731 643 quam
754 562 969 626 intermissam
997 562 1132 626 collibus
1161 565 1221 626 tria
1342 556 1346 564 ’

146 668 239 731 milia
260 687 414 751 passuum
441 669 474 730 in
503 668 740 750 longitudinem
767 674 876 751 patere
904 689 999 752 supra
1025 668 1220 733 demonstra-

148 776 263 838 vimus.
310 794 436 838 summa
458 775 491 837 vi
514 774 553 837 ab
577 776 723 858 utrisque
746 775 956 839 contenditur.
1002 775 1247 844 laborantibusa

112 882 266 948 anostris
290 880 405 945 Caesar
421 882 597 944 Germanos
620 882 780 945 submittit
801 883 1007 965 legionesque
1027 902 1084 966 pro
1108 884 1219 946 castris

147 988 328 1070 constituit,
351 1008 393 1052 ne
410 1009 475 1072 qua
490 988 595 1052 subito
612 989 755 1071 inruptio
779 988 818 1051 ab
836 988 974 1052 hostium
991 989 1133 1072 peditatu
1155 988 1218 1052 fiat.

148 1095 306 1178 praesidio
329 1096 497 1178 legionum
519 1095 626 1159 addito
650 1095 768 1159 nostris
792 1096 917 1160 animus
940 1101 1087 1179 augetur:
1111 1098 1246 1166 hostese

147 1202 185 1264 in
210 1201 319 1285 fugam
351 1203 485 1266 coniecti
518 1222 552 1267 se
585 1203 647 1286 ipsi
678 1202 883 1266 multitudine
916 1202 1095 1286 impediunt
1123 1208 1218 1286 atque

148 1308 386 1391 angustioribus
417 1310 516 1393 portis
548 1309 667 1372 relictis
695 1314 886 1407 coartantur.
934 1308 1085 1373 Germani
1114 1311 1247 1377 acriusr

101 1433 252 1496 rousque
276 1415 317 1478 ad
339 1416 535 1480 munitiones
559 1421 747 1498 sequuntur.
793 1416 830 1479 fit
854 1437 971 1500 magna
999 1417 1124 1497 caedes;
1153 1435 1246 1485 noua

147 1521 231 1584 nulli
255 1522 373 1586 relictis
397 1525 488 1605 equis
511 1525 629 1586 fossam
652 1522 787 1586 transire
811 1528 842 1586 et
864 1525 1034 1588 maceriam
1058 1530 1219 1586 transcen-

149 1627 225 1692 dere
250 1635 414 1693 conantur.
460 1631 594 1714 paulum
621 1630 763 1714 legiones
788 1629 915 1713 Caesar,
944 1650 1023 1712 quas
1050 1650 1107 1714 pro
1136 1631 1218 1693 vallo

148 1736 371 1819 constituerat,
394 1738 577 1820 promoveri
599 1736 695 1800 iubet.
741 1756 807 1800 nou
830 1738 937 1800 miuus
962 1738 1018 1818 qui
1041 1738 1127 1799 intra
1149 1757 1246 1805 mue

147 1843 288 1908 ultiones
311 1849 403 1907 erant
427 1844 511 1908 Galli
534 1843 773 1928 perturbantur:
803 1845 908 1907 veniri
931 1844 971 1906 ad
995 1863 1028 1906 se
1052 1843 1218 1906 confestim

101 1973 135 2016 15
149 1950 370 2015 existimantes
394 1950 434 2013 ad
457 1971 545 2014 arma
568 1951 780 2031 conclamant3
810 1970 875 2014 non
898 1951 980 2014 nulli
1002 1950 1161 2034 perterriti
1183 1950 1219 2013 in

150 2056 304 2139 oppidum
330 2057 528 2141 inrumpunt.
575 2058 821 2141 Vercingetorix
852 2057 941 2122 iubet
970 2063 1077 2142 portas
1105 2057 1246 2139 claudit

149 2180 191 2226 ne
214 2167 316 2228 castra
338 2165 510 2229 nudentur.
549 2166 658 2228 multis
677 2165 863 2247 interfectis,
887 2164 1107 2248 compluribus
1128 2166 1219 2248 equis

118 2270 249 2352 1oaptis
266 2269 416 2334 Germani
436 2291 505 2336 sese
525 2273 693 2355 recipiunt.
728 2272 987 2354 Vercingetorirr,
1010 2273 1100 2354 prius
1122 2291 1219 2353 quam
1239 2291 1272 2343 71

149 2377 346 2443 munitiones
370 2379 408 2442 ab
431 2378 585 2443 Romanis
607 2378 826 2463 perficiantur,
855 2378 1023 2442 consilium
1047 2380 1130 2461 capit
1153 2398 1218 2440 om-

149 2501 225 2547 nem
245 2483 284 2548 ab
305 2504 338 2550 se
360 2487 538 2568 equitatum
557 2491 656 2549 noctu
672 2486 838 2549 dimittere.
875 2484 1113 2548 discedentibus
1128 2503 1245 2552 man-2

150 2588 217 2672 dat,
244 2597 282 2655 ut
308 2612 399 2655 suam
427 2595 562 2677 quisque
591 2612 702 2657 eorum
730 2594 890 2656 civitatem
917 2591 1009 2655 adeat
1035 2610 1218 2674 omnesque,

118 2698 207 2778 oqui
234 2718 292 2782 per
320 2704 454 2764 aetatem
482 2720 570 2763 arma
596 2701 679 2764 ferre
708 2701 844 2783 possint,
874 2699 914 2762 ad
941 2698 1062 2762 bellum
1089 2704 1216 2782 cogaut3

151 2823 210 2867 sua
231 2806 267 2867 in
288 2806 360 2870 illos
383 2809 496 2870 merita
518 2808 667 2890 proponit
691 2807 941 2888 obtestaturque,
964 2787 1001 2868 ut
1015 2824 1091 2868 suae
1108 2805 1245 2873 salutisa

150 2911 307 2975 rationem
335 2912 473 2977 habeant
504 2933 569 2978 neu
602 2933 635 2988 se
664 2916 781 2997 optime
815 2914 854 2976 de
883 2914 1046 2976 communi
1075 2912 1218 2975 libertate

151 3019 300 3082 meritum
329 3018 474 3084 hostibus
502 3021 537 3082 in
565 3022 742 3084 cruciatum
771 3020 894 3086 dedant.
942 3019 1028 3100 quod
1055 3020 1082 3082 si
1110 3018 1218 3082 indili-

149 3126 311 3207 gentiores
342 3126 474 3209 fuerint,
512 3128 601 3190 milia
634 3128 800 3190 hominum
837 3126 958 3190 delecta
993 3125 1121 3189 LXXX
1154 3144 1219 3188 una

241 3375 274 3429 16
293 3374 478 3429 detinebantur
495 3383 513 3443 β

241 3481 285 3536 to.
305 3482 321 3535 3
340 3481 368 3534 in
385 3481 578 3551 longitudinem
597 3489 679 3549 caefi
711 3483 719 3550 ΙΙ
751 3483 814 3536 bne
827 3498 880 3550 qua
899 3522 975 3534 .....
996 3481 1104 3535 fiatdel.
1118 3480 1193 3534 Paul
1211 3479 1219 3552 11

151 3571 214 3623 let
231 3569 363 3638 nostrisfi
403 3572 412 3640 [l
452 3571 557 3625 animus
577 3571 626 3647 de
650 3571 746 3626 animis
766 3591 783 3622 α
824 3571 833 3639 ll
874 3573 901 3624 et
918 3571 1010 3624 hostes
1029 3572 1127 3636 suntr}
1162 3572 1171 3640 ll
1202 3569 1219 3624 9

150 3661 302 3714 coartantur
319 3667 348 3728 β;
367 3661 514 3715 coaceruati
533 3663 590 3714 tum
609 3679 639 3728 ας
659 3663 848 3714 coaceruantur
866 3677 932 3713 rece.
965 3660 974 3729 [l
1007 3660 1041 3714 10
1058 3658 1219 3712 munitiones

151 3766 182 3815 a3
200 3755 326 3816 murosss
357 3750 365 3818 11
396 3752 605 3818 persecunturss
636 3749 645 3817 11
677 3751 709 3802 11
729 3749 899 3803 matoriama
930 3750 939 3818 11
973 3748 1006 3801 12
1017 3747 1157 3817 paululum
1171 3745 1219 3818 al

153 3837 186 3890 14
204 3837 392 3906 perturbantur
410 3838 473 3908 galli
492 3858 509 3890 α
541 3841 550 3909 ll
581 3838 672 3893 uenire
692 3858 709 3890 o
742 3839 751 3908 ll
784 3840 817 3893 16
836 3840 924 3907 portas
943 3837 1051 3904 iubetss

242 3946 286 4000 71.
306 3945 323 3998 2
341 3953 392 4013 ass
423 3945 431 4013 ll
464 3946 549 4013 3ass
580 3947 588 4015 11
620 3946 758 4000 demittere
778 3965 796 3997 a
832 3946 841 4013 ΙΙ
877 3946 1009 3999 4adeant
1027 3943 1089 3997 HM
1117 3945 1125 4013 11
1157 3944 1219 3998 15

151 4049 244 4088 omnes
263 4035 342 4103 quifl
372 4035 382 4104 11
414 4037 557 4104 opossent
576 4054 594 4087 a
626 4036 634 4103 11
666 4037 744 4104 cogat
761 4035 799 4089 A*
835 4034 844 4103 ῑΙ
881 4036 968 4103 bque
987 4040 1077 4101 ceap
1112 4033 1121 4102 1
1157 4033 1219 4088 18

151 4123 184 4178 de
204 4124 337 4178 communi
355 4124 475 4179 libertate
493 4125 592 4194 optime
610 4125 735 4178 meritum
754 4125 782 4177 in
800 4124 948 4179 cruciatum
966 4122 1122 4191 hostibusss
1157 4125 1167 4191 ΙΙ
1202 4121 1220 4177 8
1337 4174 1344 4195 ,.

151 4210 205 4278 Qui
222 4213 281 4280 sid
311 4214 320 4281 ΙΙ
351 4214 494 4282 9LXXX
512 4213 649 4281 delectae
680 4217 689 4285 ll
720 4229 775 4268 una
792 4220 882 4280 coast
1172 4158 1392 4520 l
