2924 4808
532 273 639 326 LIBER
657 273 689 325 V.
710 272 785 327 CAP.
803 274 926 328 44-46.
1199 260 1260 320 125

149 459 179 501 as
193 439 363 499 cumvento
396 435 575 498 subsidium
607 437 669 499 fert
700 434 808 517 Pullo,
840 442 935 517 atque
963 435 1056 498 ambo
1085 436 1262 499 incolumes

193 541 412 625 compluribus
434 541 608 605 interfectis
631 561 755 605 summa
779 562 854 606 cum
876 543 971 605 laude
990 561 1060 606 sese
1084 543 1169 604 intra
1191 563 1262 605 mu-

191 650 334 712 nitiones
357 649 523 731 recipiunt.
570 650 616 711 sic
630 649 758 711 fortuna
772 650 807 710 in
824 650 1025 712 contentione
1042 654 1074 711 et
1089 650 1261 712 certamine
1277 672 1303 712 14

192 760 366 836 utrumque
389 755 538 837 versavit,
562 759 598 817 ut
621 755 701 818 alter
723 755 813 818 alteri
833 756 983 819 inimicus
1007 755 1129 817 auxilio
1153 755 1262 818 saluti-
1321 741 1325 754 ¹

193 881 256 944 que
280 866 364 925 esset
386 880 490 942 neque
514 861 683 924 diiudicari
707 867 826 944 posset,
850 868 922 925 uter
946 864 1010 924 utri
1033 863 1150 924 virtute
1174 868 1261 925 ante·

152 968 343 1034 soferendus
366 968 536 1031 videretur.

168 1101 179 1140 1
284 1073 409 1148 Quanto
433 1079 501 1138 erat
516 1076 551 1137 in
568 1076 635 1138 dics
650 1076 778 1158 gravior
794 1080 889 1157 atque
906 1077 1045 1158 asperior
1061 1077 1262 1159 oppugnatio,
1280 1089 1317 1142 45

193 1187 226 1245 et
247 1183 388 1244 maxime
412 1181 496 1264 quod
517 1201 632 1264 magna
649 1186 737 1264 parte
757 1182 895 1244 militum
915 1182 1057 1246 confecta
1073 1182 1262 1245 vulneribus

193 1308 245 1352 res
269 1288 309 1351 ad
331 1289 524 1371 paucitatem
540 1288 742 1351 defensorum
759 1294 960 1371 pervenerat,
984 1294 1070 1352 tanto
1088 1290 1262 1354 crebriores

193 1395 317 1458 litterae
340 1396 511 1476 nuntiique
535 1394 575 1456 ad
599 1393 764 1458 Caesarem
783 1395 1003 1475 mittebantur3
1030 1415 1167 1477 quorum
1191 1417 1263 1479 pars

167 1501 393 1584 sdeprehensa
414 1503 450 1564 in
473 1507 646 1583 conspectu
664 1506 848 1565 nostrorum
865 1503 1005 1565 militum
1028 1522 1102 1565 cum
1121 1505 1263 1566 cruciatu

194 1607 375 1670 necabatur.
413 1612 481 1671 erat
503 1628 587 1671 unus
605 1610 691 1671 intus
709 1608 860 1691 Nervius,
884 1610 1014 1671 nomine
1033 1608 1169 1692 Vertico,
1193 1611 1262 1673 loco
1278 1632 1291 1672 2

195 1718 289 1778 natus
312 1715 459 1796 honesto,
488 1716 544 1796 qui
567 1717 711 1797 aprima
734 1715 899 1778 obsidione
923 1715 962 1777 ad
986 1713 1168 1779 Ciceronem
1193 1736 1263 1799 per-

194 1821 320 1905 fugerat
337 1840 492 1903 suamque
511 1822 541 1885 ei
559 1821 656 1885 fidem
671 1823 878 1905 praestiterat.
911 1823 963 1884 hic
983 1841 1075 1886 servo
1095 1842 1149 1906 spe
1168 1823 1290 1887 liber-3

196 1929 268 1991 tatis
296 1929 485 2010 magnisque
508 1929 678 2011 persuadet
701 1930 862 2011 praemiis,
886 1934 922 1991 ut
943 1929 1064 1992 litteras
1088 1929 1128 1992 ad
1152 1928 1263 1994 Caesa-

161 2054 263 2098 rorem
287 2035 414 2099 deferat.
461 2036 518 2098 has
541 2035 595 2097 ille
618 2037 653 2098 in
675 2035 779 2098 iaculo
803 2035 950 2118 inligatas
979 2035 1069 2099 effert
1096 2042 1127 2100 et
1155 2036 1291 2101 Gallusr

196 2143 280 2204 inter
313 2141 420 2205 Gallos
454 2143 523 2205 sine
551 2141 617 2204 ulla
644 2143 826 2225 suspicione
853 2148 997 2206 versatus
1030 2143 1070 2205 ad
1099 2142 1264 2208 Caesarem

196 2249 350 2331 pervenit.
376 2276 380 2283 ·
396 2249 435 2312 ab
460 2267 497 2312 eo
517 2248 556 2311 dc
575 2249 726 2331 periculis
746 2249 908 2312 Ciceronis
929 2249 1128 2332 legionisque
1148 2270 1291 2332 cogno-s

173 2356 302 2418 iscitur.
350 2353 465 2419 Caesar
488 2357 625 2438 acceptis
647 2355 761 2418 litteris
785 2356 863 2418 hora
886 2357 1011 2418 circiter
1033 2355 1092 2418 XI.
1115 2357 1178 2420 diei
1202 2362 1264 2419 sta·
1283 2373 1318 2427 46

197 2463 252 2524 tim
276 2463 427 2524 nuntium
450 2463 486 2524 in
509 2461 695 2525 Bellovacos
724 2463 764 2524 ad
791 2461 833 2525 M.
859 2461 1007 2525 Crassum
1034 2464 1143 2543 mittit,
1173 2465 1264 2526 cuius

198 2568 330 2632 hiberna
352 2569 485 2633 aberant
507 2568 546 2631 ab
570 2588 607 2632 eo
631 2569 719 2631 milia
741 2588 893 2652 passuum
911 2569 1010 2632 XXV
1017 2592 1024 2648 ;
1048 2569 1138 2632 iubet
1160 2571 1291 2635 medias

198 2680 289 2738 nocte
312 2674 472 2758 legionem
495 2675 654 2758 proficisci
677 2676 885 2757 celeriterque
909 2676 949 2738 ad
974 2696 1006 2739 se
1032 2678 1150 2739 venire.
1198 2679 1265 2740 exit

173 2800 272 2844 ocum
302 2783 418 2846 nuntio
452 2780 591 2845 Crassus
648 2783 783 2846 alterum
815 2783 855 2845 ad
892 2780 924 2845 C.
956 2782 1090 2845 Fabium
1124 2784 1291 2866 legatume

199 2889 305 2970 mittit„
328 2890 422 2952 utin
444 2889 648 2952 Atrebatium
669 2889 750 2952 fines
768 2889 926 2971 legionem
945 2890 1093 2972 adducat,
1118 2910 1182 2972 qua
1204 2890 1265 2953 sibi

200 2995 259 3058 iter
284 2995 466 3058 faciendum
494 2996 620 3060 sciebat.
671 2995 781 3059 scribit
808 2995 961 3078 Labieno,
991 2998 1017 3059 si
1044 2998 1092 3059 rei
1119 2997 1292 3078 publicator

199 3102 364 3166 commodo
386 3101 491 3167 facere
514 3104 625 3186 possit,
654 3123 728 3166 curn
750 3103 877 3186 legione
906 3103 944 3165 ad
967 3103 1048 3167 fines
1070 3102 1265 3166 Nerviorum

200 3209 311 3271 veniat.
361 3208 519 3290 reliquam
549 3195 672 3292 partem
704 3211 877 3292 exercitus,
913 3210 998 3290 quod
1030 3210 1125 3294 paulo
1157 3211 1266 3274 aberat

167 3313 338 3398 rolongius‚
370 3335 435 3378 non
468 3320 558 3399 putat
585 3316 828 3399 expectandam
858 3319 982 3397 equites
1010 3319 1135 3381 circiter
1164 3316 1264 3382 CCCC

287 3563 321 3616 25
339 3564 391 3616 fert
408 3563 556 3616 subsidium
576 3583 592 3614 u
625 3564 633 3631 ΗΗ
666 3563 707 3616 26.
722 3564 755 3616 27
770 3564 838 3617 intra
852 3564 1011 3616 munitiones
1025 3579 1053 3616 so
1066 3571 1083 3629 β
1115 3565 1123 3631 ΗΗ
1156 3564 1190 3617 28
1204 3580 1265 3616 uer-

201 3651 268 3704 sauit
288 3651 351 3721 (ita)
371 3651 434 3704 HM

145 3777 149 3785 ·
286 3743 332 3796 45.
352 3740 369 3794 8
389 3757 517 3809 suamque
535 3741 575 3808 X;
595 3757 779 3809 summamque
798 3742 873 3794 Paul
904 3742 912 3808 ΗΗ
944 3742 996 3810 hic]
1016 3742 1112 3811 huicp
1145 3744 1153 3806 ΗΗ
1187 3741 1220 3794 10
1239 3741 1266 3792 in

200 3837 287 3896 onoss
318 3832 327 3900 ΗΗ
359 3831 444 3884 adfert
461 3837 479 3896 β
509 3831 518 3898 ΗΗ
551 3831 835 3898 12.13cognoscitli
920 3883 924 3890 ,

287 3920 333 3975 46.
355 3922 368 3972 1
389 3919 493 3973 circiter
510 3920 610 3985 horati
642 3922 650 3989 ΗΗ
683 3920 904 3988 2bcllouagosd
941 3922 949 3983 ΗΗ
985 3923 1160 3972 1i1.crassum
1185 3935 1265 3986 quae·

201 4010 298 4062 ctorem
315 4009 397 4062 mittit
416 4029 433 4061 α
470 4011 478 4077 ΗΗ
515 4009 697 4062 batrebatum
717 4029 734 4060 o
771 4011 779 4077 ΗΗ
817 4009 951 4062 iaciebat
969 4026 1021 4060 om..
1043 4028 1059 4058 o
1096 4010 1104 4072 Η
1141 4009 1266 4075 8posset

201 4116 234 4168 ιιρ
275 4099 284 4168 ΗΗ
324 4098 409 4167 possit
426 4098 526 4166 (posset
547 4097 573 4167 ρ)
598 4099 721 4164 laceres
761 4100 769 4166 Η
813 4100 846 4153 10
868 4098 1059 4165 expectandam
1081 4116 1111 4164 u;
1139 4112 1266 4150 exercen-

200 4187 295 4256 <lamp
