2924 4808
450 274 559 328 LIBER
576 274 611 328 Π.
632 273 708 328 ΟΑΡ.
729 274 846 329 17-20.
1143 261 1186 322 49

75 463 103 505 10
116 437 196 500 lium
224 437 460 500 commiserunt.
510 457 585 501 cum
612 456 646 501 se
674 437 722 500 illi
754 436 929 501 identidem
960 438 995 499 in
1023 437 1119 500 silvas
1147 437 1215 502 ada

117 562 192 606 suos
215 543 394 625 reciperent
417 563 454 606 ac
476 563 589 606 rursus
613 563 654 606 ex
670 544 751 606 silva
766 545 800 606 in
816 548 941 606 nostros
964 544 1120 626 impetum
1142 543 1187 606 fa-

117 654 226 714 cerent
247 668 355 731 neque
378 651 480 713 nostri
495 651 636 734 longius,
660 671 758 733 quam
782 669 877 732 quem
894 650 1045 713 adfinem
1061 669 1186 733 porrec-

116 764 148 819 ta
168 755 230 840 [ac]
251 757 323 820 loca
343 762 451 840 aperta
470 757 681 841 pertinebant,
704 758 854 821 cedentes
876 758 1004 838 insequi
1025 757 1186 840 auderent,

116 864 246 927 interim
261 863 405 946 legiones
419 863 481 944 Vl,
505 883 587 947 quae
604 865 724 947 primae
741 869 907 945 venerant,
931 882 1025 947 opere
1042 865 1186 928 dimenso

75 996 103 1037 15
117 974 220 1033 castra
242 971 371 1034 munire
394 976 575 1053 coeperunt.
622 970 679 1033 ubi
702 970 806 1053 prima
832 971 1062 1053 impedimenta
1086 972 1213 1037 nostris

117 1078 279 1141 exercitus
304 1076 343 1139 ab
367 1078 420 1159 iis,
448 1079 504 1160 qui
531 1079 564 1139 in
594 1078 683 1140 silvis
707 1076 807 1140 abditi
829 1077 983 1158 latebant,
1012 1079 1080 1140 visa
1104 1084 1186 1159 sunt,

117 1184 203 1267 quod
227 1189 353 1267 tempus
377 1185 461 1248 inter
484 1203 538 1251 eos
562 1185 779 1247 committendi
796 1185 910 1267 proelii
926 1190 1127 1259 convenerat,
1151 1190 1188 1247 ut

115 1293 200 1353 intra
222 1291 320 1354 silvas
344 1292 446 1354 aciem
467 1291 658 1375 ordinesque
675 1291 906 1354 constituerant
928 1296 1024 1374 atque
1041 1292 1102 1374 ipsi
1118 1311 1186 1355 sese

117 1396 397 1481 confirmaverant,
425 1397 530 1462 subito
555 1399 704 1461 omnibus
732 1398 834 1481 copiis
856 1397 1105 1481 provolaverunt
1127 1399 1187 1460 im-

73 1510 292 1588 aopetumque
321 1506 355 1567 in
383 1510 509 1568 nostros
537 1507 658 1589 equites
685 1505 838 1568 fecerunt
888 1505 939 1568 his
965 1504 1058 1569 facile
1085 1495 1240 1588 pulsisv'

116 1631 153 1675 ac
174 1611 372 1695 proturbatis
394 1611 578 1675 incredibili
602 1612 762 1675 celeritate
790 1612 831 1674 ad
853 1610 975 1674 flumen
998 1610 1187 1675 decucurre-

116 1723 205 1800 runt,
228 1725 266 1782 ut
288 1737 388 1801 paene
411 1738 477 1781 uno
500 1724 642 1802 tempore
658 1724 690 1782 et
713 1718 752 1782 ad
771 1719 867 1782 silvas
891 1723 922 1781 et
943 1719 979 1780 in
994 1717 1127 1782 flumine
1144 1718 1188 1802 [et

117 1825 179 1888 iarn
203 1825 239 1888 in
262 1824 412 1893 manibus
434 1823 563 1908 nostris]
587 1826 694 1889 hostes
713 1814 906 1889 viderentur.
953 1826 1064 1888 eadem
1080 1830 1214 1890 autema

118 1933 280 2009 celeritate
304 1931 437 1997 adverso
460 1932 541 1995 colle
559 1932 599 1994 ad
615 1938 723 1995 nostra
745 1937 848 1995 castra
871 1937 965 2015 atque
989 1952 1055 2013 eos,
1080 1931 1137 2015 qui
1152 1933 1186 1994 in

90 2057 211 2122 ropere
240 2039 385 2121 occupati
414 2044 516 2122 erant,
545 2038 786 2102 contenderunt.
833 2036 959 2101 Caesari
987 2039 1094 2101 omnia
1121 2058 1186 2101 uno
1205 2053 1242 2108 20

117 2150 257 2229 tempore
281 2150 372 2210 erant
391 2147 528 2228 agenda:
553 2146 708 2208 vexillum
724 2145 980 2229 proponendum,
1005 2143 1187 2228 [quoderat

116 2253 256 2334 insigne,
284 2271 358 2315 cum
387 2252 427 2315 ad
454 2273 542 2315 arma
569 2253 719 2316 concurri
743 2251 930 2335 oporteret,]
960 2253 1088 2335 signum
1110 2251 1187 2315 tuba

117 2357 274 2440 dandum,
301 2359 340 2422 ab
369 2377 465 2443 opere
493 2360 665 2423 revocandi
692 2359 824 2440 militeS,
854 2360 910 2442 qui
936 2359 1031 2442 paulo
1059 2359 1186 2441 longius

88 2466 241 2549 saggeris
268 2466 399 2548 petendi
426 2486 522 2530 causa
544 2472 776 2549 processerant,
805 2466 999 2548 arcessendi,
1029 2467 1113 2528 aoies
1136 2467 1186 2528 in-

116 2572 282 2654 struenda,
314 2573 432 2636 milites
460 2573 659 2654 cohortandi,
692 2575 820 2656 signum
848 2572 998 2635 dandum.
1050 2592 1213 2656 quaruma

115 2698 222 2742 rerum
261 2699 409 2763 magnam
447 2684 569 2762 partem
608 2681 757 2763 temporis
794 2681 933 2743 brevitas
970 2684 1001 2742 et
1036 2681 1185 2742 incursus

116 2785 256 2849 hostium
287 2786 492 2870 impediebat.
543 2787 592 2850 his
625 2785 866 2850 difficultatibus
899 2787 981 2849 duae
1013 2806 1064 2849 res
1097 2791 1213 2852 erauta

116 2893 274 2976 subsidio,
313 2894 446 2957 scientia
483 2898 578 2976 atque
616 2913 695 2957 usus
731 2894 886 2975 militum,
925 2893 1010 2976 quod
1043 2895 1185 2976 superio-

76 3000 205 3065 roribus
232 3001 362 3084 proeliis
391 3002 557 3064 exercitati
585 3000 664 3084 quid
690 2999 762 3064 fieri
791 3005 950 3083 oporteret
980 3019 1047 3063 non
1078 3001 1186 3063 minus

206 3214 239 3267 11
259 3212 327 3266 silua
346 3231 376 3279 ας
394 3212 507 3280 1666611
538 3212 547 3280 11
580 3213 613 3265 13
632 3229 664 3265 ao
684 3211 850 3265 dellllorcs
882 3211 891 3279 11
925 3212 958 3263 14
971 3226 1020 3264 sax
1033 3230 1064 3279 α;
1083 3210 1186 3283 ampli

115 3300 217 3369 primae
235 3319 266 3369 a,
290 3304 386 3369 autad
421 3306 431 3370 11
467 3301 587 3355 dimenso
607 3319 637 3367 n;
665 3300 809 3367 dimissofl
849 3300 858 3369 11
900 3301 933 3354 16
953 3299 984 3353 iis
1003 3318 1038 3370 ‹p3
1066 3300 1108 3353 his
1121 3308 1160 3370 χβ
1178 3299 1186 3372 11

116 3388 191 3444 siluis
211 3409 242 3459 ας
261 3390 330 3445 silua
348 3389 410 3457 ΒΨ
440 3390 449 3459 1
482 3393 515 3443 17
535 3392 714 3444 conuenerant
731 3389 822 3461 pQ¹p¹
853 3390 862 3458 11
894 3391 925 3442 ut
945 3407 975 3456 c;
994 3389 1031 3442 ita
1048 3392 1080 3443 ut
1097 3389 1160 3456 ΒΨ
1178 3388 1186 3461 11

117 3477 152 3533 18
169 3479 361 3535 constituerant
378 3486 408 3548 βς
427 3479 465 3533 ita
483 3479 676 3534 constituerant
695 3498 712 3531 α
744 3479 753 3547 11
785 3486 850 3546 sess
885 3478 894 3546 11
932 3479 1185 3533 1319661611-

116 3584 168 3638 que
197 3568 249 3637 ipsi
277 3584 335 3623 sese
365 3569 611 3623 confirmaverunt
634 3572 699 3637 post
730 3568 801 3621 aab.
833 3555 994 3621 convenerat
1026 3567 1186 3636 transponit

116 3656 278 3711 *mirare
308 3656 318 3726 1
349 3657 382 3711 21
403 3656 562 3726 perturbatis
580 3656 643 3723 B²fl
675 3659 684 3721 11
716 3657 750 3710 22
769 3659 796 3711 61
813 3658 847 3711 ad
865 3655 948 3710 siluas
968 3675 998 3724 a,
1022 3664 1049 3710 et
1071 3675 1123 3710 our.
1142 3664 1160 3724 β
1177 3655 1186 3727 11

116 3746 159 3801 22.
178 3746 214 3801 23
232 3750 260 3801 61
280 3747 334 3801 iam
354 3747 384 3800 in
401 3747 524 3801 manibus
547 3746 646 3800 nostris
664 3746 705 3813 X;
732 3745 818 3814 unffi
846 3746 896 3799 del.
915 3745 991 3798 Paul
1030 3751 1040 3814 11
1081 3745 1114 3799 23
1133 3746 1187 3798 iam

115 3852 169 3889 om.
186 3842 214 3903 11·
235 3836 245 3906 11
275 3838 366 3890 autem
384 3834 424 3903 X,
443 3835 514 3889 enim
533 3834 608 3904 amq

203 3924 250 3980 21).
269 3925 294 3978 2.
314 3926 331 3979 3
350 3926 421 3994 quod
444 3927 501 3979 erat
522 3923 639 3994 insigne,
668 3940 729 3977 cum
752 3925 786 3978 ad
810 3940 883 3978 arma
906 3923 1028 3978 concurri
1051 3925 1186 3992 oporteret

116 4014 328 4083 (1611111661).
360 4018 369 4082 11
401 4014 426 4068 3.
445 4016 464 4067 4
482 4013 588 4082 signum
611 4013 675 4067 tuba
693 4014 810 4068 dandum
828 4014 879 4066 del.
898 4013 961 4066 Ald.
980 4030 1041 4081 nep.
1079 4017 1088 4081 11
1123 4014 1185 4066 bd

115 4102 269 4159 instruenda
295 4102 366 4157 acies
392 4109 410 4171 β
454 4102 463 4172 11
508 4105 523 4156 7
551 4105 702 4172 temporum
728 4110 745 4170 11
789 4104 798 4173 11
838 4102 962 4156 incursus
992 4100 1089 4170 (BQ
1122 4117 1185 4155 suc·

116 4182 208 4247 cessus
226 4211 245 4244 α
462 4182 466 4191 ’

160 4296 270 4344 cumr.
284 4297 320 4343 ed.
334 4296 425 4342 Metisci.
714 4316 720 4325 ·
1006 4297 1026 4351 4
