2924 4808
545 290 653 344 LIBER
671 290 704 343 V.
724 289 799 345 CAP.
821 291 907 344 3-6.
1199 276 1260 338 101

164 456 281 532 otisso3
301 453 442 536 reliquas
458 458 583 536 paratas
599 453 639 516 ad
654 453 872 536 navigandum
888 458 983 535 atque
1000 451 1148 516 omnibus
1164 453 1261 518 rebus

190 563 362 624 instructas
390 562 520 623 invenit.
572 559 684 623 eodem
711 562 872 640 equitatus
905 561 1003 623 totius
1032 559 1152 624 Galliae
1186 580 1289 626 eon-a

190 669 292 748 venit,
315 687 449 731 numero
464 668 553 730 milia
571 667 651 749 IIII,
675 667 901 750 principesque
926 687 967 731 ex
987 667 1136 730 omnibus
1152 668 1262 731 civita-

190 774 290 853 tibus3
315 793 357 838 ex
381 774 498 856 quibus
522 793 711 857 perpaucos,
741 793 878 855 quorum
901 776 936 836 in
959 793 992 838 se
1016 773 1112 837 tidem
1135 794 1289 857 perspea

191 885 295 961 xerat,
319 881 500 963 relinquere
522 884 556 943 in
581 879 697 961 Gallia,
720 881 862 962 reliquos
886 880 1035 943 obsidum
1057 881 1127 944 loco
1152 899 1262 944 seeum

151 988 308 1052 reducere
325 987 522 1070 decreverat,
548 988 646 1070 quod,
671 989 826 1071 cumipse
844 988 980 1069 abesset,
998 993 1121 1051 motum
1140 986 1260 1051 Galliae

193 1095 371 1158 verebatur.
1146 1160 1150 1164 ,

165 1226 176 1266 1
281 1201 358 1264 Erat
385 1221 450 1264 una
479 1222 553 1264 cum
581 1203 693 1265 ceteris
721 1201 904 1264 Dumnorix
931 1202 1100 1282 Haeduus,
1129 1202 1168 1265 de
1197 1218 1298 1283 quoe

192 1314 266 1373 ante
291 1308 425 1371 anobis
449 1309 572 1373 dictum
595 1313 651 1372 est.
697 1309 784 1371 hunc
809 1328 917 1372 secum
946 1309 1061 1371 habere
1089 1310 1124 1370 iu
1151 1310 1261 1392 primis

192 1418 413 1497 constituerat,
430 1417 516 1498 quod
533 1434 607 1479 euru
624 1417 775 1499 cupidum
792 1435 900 1479 rerum
915 1435 1085 1498 novarum,
1110 1406 1272 1499 cupidum

192 1524 331 1606 imperii,
363 1524 470 1606 magui
500 1525 611 1604 animi,
644 1542 778 1606 magnae
812 1524 896 1586 inter
925 1523 1033 1585 Gallos
1067 1523 1261 1586 auctoritatis

165 1636 393 1712 arognoverat.
440 1629 610 1693 accedebat
633 1630 709 1711 huc,
734 1629 820 1710 quod
842 1631 877 1690 in
901 1630 1035 1692 concilio
1052 1628 1289 1694 Haeduorunia

192 1734 376 1798 Dumnorix
400 1737 524 1799 dixerat
548 1736 609 1799 sibi
633 1757 650 1798 a
672 1734 804 1799 Caesare
827 1754 963 1819 reguum
979 1737 1115 1798 civitatis
1132 1735 1260 1815 deferri3

193 1842 279 1923 quod
311 1842 433 1906 dictum
460 1823 588 1906 Haedui
617 1844 754 1926 graviter
780 1842 924 1905 ferebant
956 1861 1060 1925 neque
1092 1843 1262 1906 recusandi

192 1954 248 2012 aut
271 1948 461 2031 deprecandi
485 1969 579 2012 eausa
603 1950 725 2032 legatos
755 1949 794 2011 ad
819 1947 985 2012 Caesarem
1012 1951 1137 2012 mittere
1166 1951 1262 2012 aude-

195 2055 278 2118 bant.
328 2056 362 2118 id
389 2057 508 2119 taetrim
541 2076 582 2120 ex
611 2058 677 2119 suis
704 2055 882 2138 hospitibus
916 2054 1030 2119 Cacsar·
1062 2061 1261 2139 cognoverat

154 2185 179 2226 ro
194 2163 249 2224 ille
275 2162 424 2226 omuibus
439 2163 543 2245 primo
559 2163 708 2246 precibus
725 2167 831 2246 petere
848 2163 1025 2244 contendit,
1049 2168 1086 2225 ut
1108 2164 1143 2225 in
1159 2163 1261 2226 Gallia
1275 2186 1289 2226 a

192 2268 441 2351 relinqueretur,
465 2273 580 2352 partim
605 2271 692 2352 quod
708 2271 853 2333 insuetus
868 2269 1044 2352 navigandi
1059 2288 1147 2333 mare
1171 2271 1261 2332 time-

192 2380 255 2457 ret,
278 2377 392 2458 partim
410 2377 496 2460 quod
513 2376 723 2459 religionibus
738 2377 886 2459 impediri
901 2395 969 2439 sese
989 2375 1114 2439 diceret.
1153 2381 1289 2458 posteat

194 2503 291 2565 quam
314 2484 348 2546 id
372 2483 528 2547 obstinate
552 2483 614 2546 sibi
637 2484 746 2566 negari
770 2484 865 2564 vidit,
889 2484 976 2545 omni
992 2502 1047 2565 spe
1070 2483 1261 2565 impetrandi

193 2591 340 2673 adempta
372 2592 531 2674 principes
566 2590 686 2654 Galliae
720 2591 904 2671 sollicitare,
936 2608 1084 2652 sevocare
1118 2589 1261 2672 singulos

155 2717 180 2759 15
194 2697 376 2779 hortarique
409 2699 524 2780 coepit,
562 2699 610 2760 uti
641 2699 674 2759 in
709 2699 885 2761 continenti
919 2702 1134 2775 reinanerent3
1172 2700 1288 2760 metus

194 2806 352 2867 territare:
376 2823 442 2867 non
466 2805 535 2868 sine
559 2823 655 2866 carisa
677 2803 760 2886 fieri,
792 2808 829 2866 ut
853 2804 955 2866 Gallia
979 2804 1067 2866 omni
1095 2802 1261 2866 nobilitate

194 2911 395 2994 spoliaretur,
421 2912 454 2974 id
477 2930 546 2975 esso
571 2911 742 2974 consilium
767 2909 924 2991 Caesaris,
948 2917 995 2992 ut,
1025 2929 1105 2992 quos
1127 2910 1162 2970 iu
1187 2929 1261 2972 eon-

193 3010 305 3101 spectu
337 3017 458 3081 Galliae
487 3017 666 3080 interficere
695 3022 870 3098 vereretur,
904 3017 961 3080 hos
990 3035 1100 3079 omnes
1127 3017 1162 3078 in
1190 3017 1261 3079 Bri-

195 3126 334 3187 tanniam
358 3124 519 3189 traductos
541 3110 683 3202 necaret3
707 3124 804 3186 fidem
820 3123 953 3205 reliquis
969 3123 1187 3206 interponere,
1210 3125 1289 3189 iuse

157 3232 365 3295 aoiuraudum
393 3251 537 3314 poscere,
568 3236 616 3311 ut,
645 3231 731 3313 quod
760 3249 828 3293 esse
858 3249 899 3293 cx
927 3251 990 3293 usu
1018 3229 1139 3294 Galliae
1168 3230 1261 3294 intel-

194 3339 359 3420 lexissent,
384 3339 547 3401 communi
571 3339 704 3401 consilio
730 3338 994 3400 administrarent.
1040 3336 1119 3400 haec
1142 3357 1262 3399 acom-

282 3568 298 3621 6
317 3568 398 3621 totius
417 3567 511 3636 galliae
531 3567 664 3635 equitatus
682 3574 700 3633 β
730 3571 739 3635 11
772 3568 786 3619 7
808 3566 879 3620 milia
893 3566 962 3633 HM,
982 3566 1034 3618 mil
1049 3573 1077 3633 p,
1097 3566 1200 3618 milium
1217 3585 1233 3616 ιι
1253 3565 1261 3635 ll

194 3656 210 3709 8
229 3671 326 3724 paucos
340 3677 361 3726 χ

281 3763 530 3833 d.1dubnorixp
567 3764 575 3832 [l
613 3763 757 3816 aanobis
776 3766 853 3817 autea
871 3770 898 3830 fl,
920 3765 981 3816 anto
1000 3763 1032 3815 ab
1051 3762 1126 3815 uobis
1146 3781 1163 3812 ιι
1199 3761 1207 3828 ll
1244 3762 1261 3814 3

194 3867 255 3904 cunr
273 3859 362 3919 emp
394 3853 402 3920 ll
435 3853 496 3906 bin
517 3853 559 3919 of3
580 3853 632 3904 iam
650 3853 713 3919 inf}
744 3854 752 3921 tl
786 3852 952 3905 ddubnorix
971 3851 1040 3919 hat)
1078 3851 1086 3917 [1
1124 3850 1156 3904 10
1175 3849 1261 3918 preci-

195 3941 243 3994 bus
262 3942 381 4010 priurofi
412 3943 421 4011 ιΙ
455 3942 488 3994 12
507 3957 566 3995 seso
585 3941 684 3995 diceret
703 3941 860 4009 impediris
900 3942 908 4008 11
951 3943 984 3992 14
1006 3939 1159 4007 solllcitare,
1184 3954 1261 3991 seue·

194 4046 252 4084 care
272 4031 319 4099 (Β;
338 4047 464 4084 reuocare
478 4031 563 4100 ZMS)
584 4031 699 4098 singulos
720 4049 750 4097 ιι;
770 4029 889 4098 singulos
908 4028 1060 4096 sollicitare,
1085 4044 1208 4081 seuoeare
1228 4028 1260 4094 (l;

194 4133 317 4174 reuocare
336 4121 422 4188 ιι1ι)β
455 4121 463 4188 ll
498 4122 529 4173 15
550 4123 579 4172 ut
598 4119 644 4186 Mp
676 4121 684 4188 ll
719 4121 758 4173 15.
781 4120 813 4173 16
833 4121 907 4172 metu
925 4117 1044 4171 territare
1063 4124 1145 4184 emp
1177 4119 1185 4185 11
1218 4118 1260 4169 17.

195 4209 227 4263 18
246 4212 417 4279 conspectum
435 4217 453 4278 β
485 4210 493 4279 ll
527 4210 567 4264 19.
589 4209 622 4263 20
641 4210 683 4263 ius
702 4209 843 4262 iurandum
862 4208 911 4260 del.
933 4208 1058 4260 Eussner·
