2924 4808
185 286 256 347 218
590 299 696 353 BaLLI
715 298 857 353 GALLICI

187 463 260 525 aliis
284 481 351 526 esse
374 463 563 545 perfectum,
588 461 674 544 quod
697 481 763 525 non
786 463 900 525 horum
920 462 1077 546 elegantia
1098 481 1264 525 commen-

154 593 175 633 a
190 571 341 633 lariorum
365 574 541 652 superetur.
584 570 639 650 qui
663 573 738 631 sunt
762 569 852 652 editi,
876 568 1075 633 nescientia
1098 573 1263 633 tantarum
1304 646 1307 650 Α

187 695 296 739 rerum
326 675 532 759 scriptoribus
561 676 697 757 deesset,
730 676 874 758 adeoque
906 676 1082 759 probantur
1115 678 1264 740 omnium
1279 699 1308 742 15

188 783 321 864 iudicio,
354 787 391 845 ut
418 789 595 867 praerepta,
625 803 691 847 non
719 783 862 866 praebita
887 783 1021 847 facultas
1049 784 1264 866 scriptoribus

153 912 174 953 e
189 889 341 953 videatur.
381 891 472 952 cuius
496 896 604 954 tamen
627 892 673 954 rei
692 891 795 952 maior
812 894 921 953 nostra
944 910 1041 973 quam
1059 891 1263 972 reliquorum

186 1002 236 1061 est
264 996 444 1077 admiratio,
481 999 578 1060 ceteri
606 998 693 1060 enim
722 1017 817 1080 quarn
850 996 931 1060 bene
959 1001 1057 1078 atque·
1083 997 1262 1079 emendate,

188 1123 247 1166 nos
271 1105 367 1166 etiam
391 1124 488 1185 quam
515 1104 607 1167 facile
636 1109 730 1186 atque
758 1104 902 1169 celeriter
930 1123 984 1167 eos
1008 1104 1181 1187 perfecerit
1199 1105 1262 1168 sci-

154 1232 174 1274 a
189 1230 268 1273 mus.
300 1192 375 1274 'erat
398 1216 504 1274 autem
527 1211 563 1272 in
583 1210 713 1274 Caesare
737 1231 812 1274 curn
829 1211 962 1274 facultas
985 1216 1081 1293 atque
1100 1211 1306 1295 elegantiam

188 1337 315 1380 summa
337 1317 510 1400 scribendi,
535 1323 603 1381 tum
618 1319 785 1381 verissima
807 1319 940 1382 scientia
961 1337 1092 1382 suorum
1109 1319 1263 1383 consilio-

152 1446 174 1488 a
190 1444 262 1486 rum
290 1424 561 1506 explicandorum.
607 1425 686 1486 mibi
718 1443 759 1487 ne
787 1424 867 1488 illud
900 1425 1030 1505 quidem
1062 1425 1190 1508 accidit,
1226 1431 1263 1490 ut

192 1530 410 1594 Alexandrino
437 1536 531 1613 atque
556 1531 707 1594 Africano
731 1530 815 1594 bello
840 1532 1039 1613 interessem3
1069 1551 1151 1614 quae
1173 1532 1263 1596 bella

189 1657 386 1719 quamquam
414 1654 456 1702 ex
484 1644 572 1721 parte
601 1638 694 1701 nobis
723 1637 865 1702 Caesaris
894 1658 1039 1702 sermone
1071 1643 1147 1702 sunt
1173 1645 1261 1722 uota,

186 1750 294 1809 tamen
319 1745 411 1808 aliter
434 1745 581 1808 audimus
605 1764 654 1827 ea,
679 1765 761 1828 quae
784 1764 891 1808 rerum
914 1746 1055 1809 novitate
1079 1750 1135 1809 aut
1158 1746 1261 1810 admi·
1274 1764 1300 1806 aa

188 1853 312 1916 ratione
340 1873 400 1916 nos
429 1854 570 1936 capiunt,
604 1853 706 1934 aliter,
741 1871 822 1934 quae
849 1871 906 1935 pro
935 1854 1116 1916 testimonio
1147 1872 1259 1916 sumus

153 1979 174 2020 :a
190 1960 314 2022 dicturi.
354 1959 409 2022 sed
426 1978 483 2042 ego
500 1960 666 2040 nimirum,
690 1959 768 2021 dum
789 1978 898 2023 omnes
915 1961 1131 2023 excusationis
1146 1979 1258 2024 causas

188 2066 318 2149 collige,
348 2084 388 2128 ne
411 2085 485 2128 curn
509 2065 641 2129 Caesare
664 2066 821 2149 conferar,
851 2067 910 2130 hoo
934 2067 1003 2150 ipso
1028 2068 1150 2131 crimen
1173 2086 1257 2130 arro-

185 2172 314 2255 gantiae
331 2172 438 2254 subeo,
455 2173 540 2255 quod
556 2192 606 2236 me
622 2173 744 2236 iudicio
762 2174 952 2255 cuiusquam
967 2174 1150 2237 existimem
1165 2192 1257 2258 posse

187 2298 264 2341 cum
289 2278 421 2343 Caesare
445 2281 629 2362 comparari.
664 2281 744 2343 vale.
1270 2297 1297 2340 ao

146 2504 169 2556 1
281 2491 374 2556 Omni
401 2493 502 2556 Callia
526 2493 651 2557 devicta
675 2492 789 2557 Caesar
813 2513 888 2556 cum
911 2514 930 2556 a
952 2494 1116 2577 superiore
1140 2499 1283 2558 aestater

189 2600 315 2662 nullum
338 2599 478 2663 bellandi
502 2606 627 2684 tempus
650 2602 872 2664 intermisisset
899 2601 1081 2682 militesque
1108 2601 1257 2665 hiberno-

189 2726 261 2769 rum
291 2707 397 2788 quiete
425 2706 554 2770 reficere
583 2728 601 2769 a
629 2709 724 2770 tantis
752 2707 913 2770 laboribus
941 2708 1051 2790 vellet,
1079 2709 1256 2792 complures

189 2813 302 2876 eodem
330 2818 472 2896 tempore
501 2815 643 2877 civitates
670 2833 824 2877 renovare
856 2815 932 2878 belli
965 2815 1098 2878 consilia
1131 2817 1257 2878 nuntia-

153 2937 174 2978 a
188 2920 306 2983 bantur
338 2921 639 3002 coniurationesque
671 2922 782 2984 facere.
836 2922 929 2985 cuius
961 2923 1008 2985 rei
1040 2922 1110 2986 veri
1143 2922 1282 2985 similist

189 3046 285 3090 causa
313 3027 526 3106 adimebatur,
560 3028 646 3107 quod
675 3027 774 3090 Gallis
803 3028 951 3091 omnibus
984 3029 1149 3113 cognitum
1176 3033 1258 3093 esset

189 3153 294 3214 neque
330 3134 394 3196 ulla
425 3133 631 3197 multitudine
664 3134 700 3195 in
734 3154 836 3196 unum
870 3135 978 3199 locum
1010 3140 1118 3199 coacta
1152 3136 1257 3199 resisti

187 3258 281 3322 posse
299 3238 339 3323 [a]
356 3239 519 3324 Romanis,
544 3260 615 3323 neo,
639 3241 666 3302 si
691 3240 814 3303 diversa
837 3240 921 3305 bella
940 3242 1120 3324 complures
1145 3243 1257 3306 eodem

189 3351 330 3428 tempore
359 3347 542 3411 intulissent
570 3348 724 3430 civitatee,
752 3348 829 3410 satis
857 3348 969 3410 auxilii
997 3352 1053 3411 aut
1080 3349 1176 3431 spatii
1203 3353 1258 3411 aut

189 3454 353 3536 copiarum
377 3453 561 3517 habiturum
585 3456 762 3518 exercitum
785 3455 895 3537 populi
917 3454 1055 3518 Romani
1082 3454 1122 3517 ad
1151 3455 1257 3519 omnia
1271 3471 1296 3514 ιο

153 3583 175 3624 ,e
189 3560 421 3644 persequenda,
455 3580 521 3624 non
549 3581 617 3626 esse
646 3566 752 3625 autem
785 3562 881 3624 alicui
909 3562 1030 3625 civitati
1062 3565 1181 3626 sortem
1208 3563 1256 3625 in-

188 3666 348 3730 commodi
375 3669 599 3749 recusandam,
633 3670 660 3731 si
688 3669 744 3732 tali
771 3688 861 3731 mora
891 3669 1034 3751 reliquae
1065 3673 1197 3752 possent
1223 3687 1255 3732 se

279 3862 311 3914 15
331 3862 431 3929 rerum]
451 3863 586 3929 gestarum
604 3862 696 3929 adda
727 3865 736 3934 ll
768 3862 867 3916 desita
898 3861 907 3930 ΙΙ
940 3861 973 3916 19
986 3861 1127 3930 perfecerit
1138 3862 1179 3930 X3
1198 3878 1256 3932 per-

181 3949 325 4018 scripserit
344 3950 417 4003 Soet.
431 3949 496 4002 [56
532 3952 541 4015 ΙΙ
576 3951 610 4004 22
629 3952 724 4005 accidit
742 3952 847 4020 quidem
866 3968 899 4019 713
924 3950 1030 4019 quidem
1052 3967 1141 4024 emp
1176 3951 1187 4021 d
1222 3950 1256 4006 28

181 4039 277 4106 ipsum
296 4058 313 4090 u
345 4040 354 4107 ΙΙ
386 4040 421 4093 30
440 4039 507 4093 Uale
527 4058 557 4107 ας
576 4047 664 4107 coast
927 4100 928 4104 ,

278 4131 305 4182 1.
325 4126 342 4181 a
362 4144 377 4181 a
395 4129 445 4182 ar
465 4130 504 4183 ea.
523 4131 551 4198 13
570 4146 586 4183 a
606 4129 662 4200 <sa
686 4130 753 4184 oua
786 4131 795 4196 l
828 4129 862 4184 ro
880 4113 1028 4185 exercituin
1045 4129 1138 4201 papan
1155 4127 1257 4186 amaa

183 4235 219 4284 «ας
239 4216 367 4286 populum
385 4227 553 4287 romanumfl
585 4221 593 4289 ll
627 4222 667 4273 li.
684 4220 716 4273 12
730 4219 888 4274 incommodi
900 4219 1001 4290 Alli’fl3
1019 4219 1256 4291 incommodam
