2924 4808
578 1069 909 1154 PRAEFATIO.

270 1351 360 1452 Quae
375 1393 448 1452 ratio
463 1392 541 1452 inter
556 1393 775 1454 vetustissimos
791 1395 868 1454 Belli
880 1394 987 1455 Gallici
1003 1395 1171 1455 Caesariani
1186 1396 1301 1456 codices

176 1483 342 1544 intercedat
368 1480 509 1541 facillime
536 1500 575 1541 ex
599 1483 655 1542 hoc
678 1483 757 1560 quod
780 1484 890 1543 subieci
919 1489 1074 1545 stemmate
1100 1486 1300 1561 cognoscitur:

720 1604 760 1668 X

538 1692 948 1727 t—-d—

859 1733 992 1852 L

867 1875 973 1933 πθ

850 1940 992 1976 eme-c«

440 1939 680 2054 Zbffns
855 1978 980 2062 afar

270 2106 337 2164 Duo
361 2105 570 2182 distinguenda
593 2125 660 2167 esse
674 2105 815 2165 librorum
832 2125 922 2164 manu
938 2106 1114 2182 scriptorum
1129 2126 1237 2183 genera
1260 2141 1302 2150 -—

103 2228 112 2263 ς
179 2213 359 2272 quamquam
387 2196 602 2255 excommuni
629 2197 710 2254 fonte
733 2213 835 2254 omnes
859 2195 940 2254 ducti
963 2200 1034 2254 sunt
1062 2229 1104 2238 —
1133 2201 1246 2255 certum
1273 2202 1303 2256 et

179 2283 371 2361 exploratum
395 2288 454 2358 est,
478 2303 533 2344 nec
555 2286 656 2344 minus
679 2288 791 2343 certum
820 2284 926 2342 estad
949 2288 1065 2343 textum
1089 2303 1177 2361 quem
1201 2285 1304 2345 dicunt

179 2372 420 2432 constituendum
443 2379 547 2433 neutro
570 2375 675 2432 horum
698 2373 833 2432 codicum
855 2390 963 2448 genere
989 2390 1044 2432 nos
1073 2390 1160 2449 posse
1188 2392 1300 2450 carere3

115 2458 126 2491 ·'
140 2460 145 2465 ’
178 2461 274 2520 nihilo
297 2462 397 2520 minus
419 2463 503 2521 nulla
525 2463 623 2522 adhuc
641 2466 725 2522 extat
744 2461 833 2521 editio
857 2478 969 2538 exque
989 2460 1061 2520 satis
1076 2467 1211 2521 accurate
1226 2463 1300 2539 quid

179 2549 308 2626 singulis
338 2551 412 2610 locis
444 2551 477 2609 in
508 2557 633 2629 utroque
665 2550 798 2611 codicum
827 2568 935 2626 genere
963 2550 1107 2626 scriptum
1138 2550 1178 2610 sit
1205 2550 1300 2626 possit

103 2670 106 2679 ·
178 2639 325 2715 cognosci.
372 2638 504 2699 Alterius
527 2641 646 2718 quidem
670 2639 787 2716 generis
811 2639 867 2717 (a),
891 2640 970 2716 quod
992 2639 1152 2716 Nipperdei
1175 2640 1300 2699 auctori-

179 2733 240 2788 tate
263 2728 390 2805 permoti
414 2729 535 2805 plurimi
558 2730 703 2806 optimum
730 2729 780 2788 vel
806 2729 956 2804 integrum
983 2734 1012 2788 et
1039 2729 1244 2788 iudicaverunt
1272 2735 1303 2789 et

180 2817 333 2891 dixerunt,
357 2817 426 2876 libri
450 2818 647 2877 vetustissimi
671 2818 743 2877 satis
767 2836 873 2893 magna
896 2836 967 2876 cura
990 2823 1020 2877 et
1035 2817 1188 2893 diligentia
1203 2817 1303 2876 collati

181 2910 265 2983 sunt;
290 2906 416 2965 alterum
439 2907 496 2985 (β),
520 2908 568 2967 cui
591 2907 826 2983 interpolationis
849 2897 950 2965 notem
967 2906 1077 2966 inussit
1095 2906 1302 2984 Nipperdeius,

180 3000 384 3071 contemptum
407 3014 442 3055 ac
465 3013 558 3072 paene
580 2996 749 3071 neglectum
764 2995 863 3054 iacuit.
909 2997 953 3054 Ac
969 2995 1167 3055 Schneiderus
1183 2995 1302 3072 quidem

180 3089 212 3143 et
227 3083 502 3161 ipseNipperdeius
518 3085 645 3161 optimos
656 3085 746 3143 huius
758 3085 875 3159 generis
891 3084 1007 3143 codices
1022 3085 1153 3143 nondum
1170 3085 1302 3160 cognitos

180 3173 362 3250 habuerunt;
386 3173 545 3248 Frigellius
569 3174 683 3250 primns
706 3173 778 3232 satis
793 3172 951 3248 diligenter
973 3178 1004 3232 et
1019 3173 1193 3232 Thuaneum
1209 3174 1248 3253 (a)
1273 3179 1304 3233 et

180 3262 372 3321 Ursinianum
397 3263 528 3321 codicem
552 3261 593 3338 (b)
616 3261 809 3339 comparavit,
832 3280 936 3320 verum
958 3267 1058 3322 tamen
1080 3280 1140 3321 non
1162 3281 1228 3321 raro
1251 3268 1304 3322 aut

182 3350 316 3409 Thoanei
343 3357 395 3409 aut
422 3351 572 3410 Ursiniani
600 3351 760 3410 lectionem
787 3351 999 3427 praetermisit3
1028 3351 1186 3410 Dtibnerus
1210 3352 1303 3410 multo

181 3439 392 3515 neglegentius
412 3441 531 3499 eosdem
547 3440 682 3499 adhibuit
695 3440 800 3515 libros;
824 3445 912 3516 atque
927 3440 1016 3498 etiam
1031 3440 1179 3500 Holderus
1198 3459 1302 3516 parum

181 3529 340 3604 religiosus
362 3529 421 3587 fuit
448 3530 480 3587 in
502 3529 592 3588 huius
615 3529 732 3605 generis
755 3528 905 3588 codicibus
929 3529 1123 3588 conferendis.
1169 3529 1236 3588 Non
1260 3535 1302 3588 te-

181 3636 261 3676 mere
283 3618 356 3676 haec
378 3637 396 3676 a
418 3637 465 3676 me
489 3618 567 3677 dicta
589 3636 655 3678 esse
684 3623 841 3694 cognoscet
868 3617 920 3694 qui
947 3618 996 3676 vcl
1023 3619 1164 3694 exiguam
1189 3623 1302 3694 partem

181 3706 272 3766 huius
295 3706 434 3766 editionis
457 3725 526 3766 cum
540 3707 686 3783 Frigellii,
711 3707 856 3781 Ditbneri,
879 3706 1004 3766 Holderi
1024 3707 1202 3766 editionibus
1225 3725 1302 3765 ccm-

181 3796 336 3872 paraverit.
381 3796 521 3872 Exempli
544 3812 633 3855 causa
653 3810 851 3855 commemoro
874 3796 905 3854 in
928 3797 1069 3856 extremis
1096 3798 1134 3856 18
1156 3795 1302 3870 capitibus

181 3884 270 3961 primi
293 3885 361 3944 libri
384 3885 527 3945 lectiones
550 3904 625 3962 quae
647 3885 679 3943 in
694 3884 832 3943 omnibus
855 3885 944 3944 huius
960 3886 1077 3961 generis
1093 3885 1135 3961 (β)
1151 3883 1302 3943 codicibus

182 3978 286 4032 extant
302 3973 426 4033 omissas
442 3991 508 4033 esse
523 3993 540 4031 a
555 3973 693 4050 Frigellio
712 3975 761 4046 14,
782 3992 800 4031 a
818 3974 956 4033 Ditbnero
975 3977 1024 4045 66,
1048 3974 1084 4032 ab
1100 3973 1228 4031 Holdero
1244 3974 1301 4048 463

181 4067 332 4140 praeterea
356 4063 482 4138 singulis
506 4063 655 4122 codicibus
671 4062 811 4121 tribuitur
833 4063 913 4140 quod
928 4064 1064 4122 omnibus
1087 4080 1241 4121 commune
1257 4067 1303 4121 est

180 4151 360 4228 aFrigellio
384 4153 435 4227 43,
459 4171 476 4210 a
499 4151 637 4211 Diibnero
658 4154 685 4226 7,
708 4153 744 4210 ab
763 4151 892 4211 Holdero
919 4154 958 4211 13
982 4151 1064 4210 locis.
1111 4149 1302 4226 Quapropter,
