2924 4808
472 313 579 368 urana
598 313 620 368 1.
641 314 716 369 car.
734 313 858 369 28-31.
1156 301 1197 364 19
1294 288 1297 295 '

129 479 272 542 civitates
297 479 518 560 stipendiarias
540 477 704 540 haberent.
742 479 914 561 petierunt,
938 479 986 540 uti
1009 479 1072 542 sibi
1095 478 1228 548 conci-4

64 594 68 603 '
128 585 208 648 lium
224 587 330 648 totius
354 585 476 648 Galliae
499 586 535 646 in
551 583 636 646 diem
652 589 771 647 certam
787 584 927 648 indicere
942 585 1041 668 idque
1057 584 1200 649 Caesaris

129 692 292 755 voluntate
307 692 412 755 facere
425 691 552 755 liceret:
577 710 646 754 sese
662 690 780 754 habere
796 691 950 772 quasdam
969 711 1033 775 res,
1058 712 1138 775 quas
1158 712 1200 757 ex

129 799 291 862 communi
315 817 475 862 consensu
497 797 536 860 ab
561 816 598 861 eo
621 803 728 880 petere
752 797 880 861 vellent.
927 817 964 861 ea
986 818 1022 862 re
1044 786 1226 883 permissas

88 931 115 973 15
128 905 213 968 diem
229 904 365 968 coneilio
381 906 617 968 constituerunt
631 908 663 968 et
672 905 741 967 iure
755 904 891 967 iurando
907 923 949 968 ne
965 906 1038 986 quis
1053 906 1200 969 enuntia-

127 1017 187 1093 ret,
203 1011 268 1074 nisi
285 1011 402 1094 quibus
418 1012 582 1074 communi
599 1010 733 1074 consilio
750 1011 938 1074 mandatum
953 1018 1049 1094 esset,
1065 1013 1149 1076 inter
1165 1031 1200 1076 se

101 1123 314 1185 isanxerunt.
352 1117 400 1181 Eo
424 1117 559 1199 concilio
584 1118 714 1181 dimisso
738 1117 823 1180 idem
846 1119 1008 1201 principes
1024 1119 1199 1200 civitatum,
1216 1139 1252 1194 31

129 1226 184 1306 qui
212 1231 285 1289 ante
313 1224 454 1308 fuerant,
483 1225 523 1287 ad
547 1223 713 1288 Caesarem
740 1229 944 1288 reverterunt
965 1227 1198 1309 petieruntque,

128 1333 175 1394 uti
190 1331 252 1394 sibi
267 1336 387 1396 secreto
409 1330 456 1415 [in
472 1331 608 1414 occulto]
634 1330 673 1394 de
692 1350 751 1394 sua
767 1332 976 1413 omniumque
999 1332 1101 1396 salute
1125 1353 1199 1396 oum

128 1457 164 1501 eo
189 1457 283 1522 agere
306 1439 423 1502 liceret.
463 1457 501 1501 ea
523 1456 559 1501 re
581 1440 749 1522 impetrata
771 1457 841 1501 sese
859 1458 968 1502 omnes
992 1438 1106 1502 flentes
1122 1437 1226 1507 Cae-2

101 1547 190 1614 asari
206 1545 246 1608 ad
261 1545 358 1629 pedes
373 1546 589 1628 proiecerunt:
614 1564 680 1607 non
703 1544 812 1608 minus
836 1564 870 1608 se
894 1546 929 1608 id
952 1546 1144 1610 contendere
1168 1552 1201 1609 et

127 1651 284 1733 laborare,
300 1672 341 1716 ne
357 1671 403 1733 ea,
419 1671 501 1735 quae
519 1652 689 1734 dixissent,
705 1652 959 1735 enuntiarentur,
977 1671 1073 1733 quarn
1088 1653 1138 1715 uti
1153 1673 1199 1734 ea,

129 1778 209 1842 quae
233 1759 366 1841 vellent,
388 1761 608 1843 impetrarent,
631 1763 798 1841 propterea
822 1758 920 1840 quod,
948 1759 976 1822 si
999 1760 1200 1822 enuntiatum

129 1871 223 1949 esset,
247 1885 411 1928 summurn
433 1866 469 1928 in
485 1866 663 1928 cruciatum
685 1884 719 1928 se
739 1869 893 1929 venturos
912 1865 1067 1929 viderent.
1110 1866 1227 1935 locu-3

127 1981 179 2036 tus
194 1978 243 2036 est
257 1992 315 2057 pro
330 1972 383 2035 his
398 1971 582 2035 Diviciacus
598 1971 767 2036 Haeduus:
794 1972 917 2035 Galliae
933 1973 1030 2035 totius
1044 1972 1199 2036 factiones

89 2104 116 2146 1o
128 2099 198 2143 esse
231 2080 323 2158 duas3
356 2079 471 2143 harum
499 2078 631 2144 alterius
658 2079 873 2163 principatum
903 2085 1011 2143 tenere
1037 2078 1199 2164 Haeduos,

129 2187 259 2250 alterins
274 2187 448 2249 Arvernos
485 2186 618 2248 hicum
642 2191 803 2269 tantopere
820 2187 859 2249 de
879 2190 1044 2268 potentatu
1066 2187 1151 2250 inter
1166 2207 1228 2254 sea

127 2293 245 2356 multos
269 2312 371 2362 annos
394 2292 640 2366 contenderent,
663 2292 783 2356 factum
807 2311 889 2374 esse,
913 2294 961 2356 uti
985 2293 1024 2356 ab
1043 2294 1199 2357 Arvernis

129 2399 350 2483 Sequanisque
372 2399 523 2464 Germani
543 2400 691 2463 mercede
712 2404 954 2463 arcesserentur.
998 2401 1113 2463 horum
1130 2401 1222 2483 pri-5

128 2527 179 2570 mo
195 2508 321 2571 circiter
334 2507 425 2570 milia
438 2505 503 2569 XV
516 2507 667 2570 Rhenum
686 2508 850 2584 transisse
869 2512 980 2590 postea
995 2527 1090 2589 quam
1106 2526 1198 2590 agros

89 2638 115 2679 aa
129 2619 161 2677 et
187 2614 312 2677 cultum
345 2620 378 2678 et
410 2615 517 2697 copias
546 2613 710 2677 Gallorum
739 2614 886 2676 homines
918 2612 976 2676 feri
1006 2632 1043 2676 ac
1070 2612 1198 2677 barbari

128 2721 341 2804 adamassent,
370 2721 532 2784 traductos
554 2720 677 2804 plures,
706 2739 795 2783 nuno
823 2739 892 2784 esse
916 2721 952 2782 in
976 2720 1078 2784 Gallia
1107 2719 1146 2782 ad
1175 2717 1198 2781 Ο

129 2834 160 2890 et
185 2828 255 2892 XX
281 2829 408 2891 milium
436 2847 617 2890 numerum.
664 2846 738 2890 enm
765 2827 815 2890 his
840 2826 993 2890 Haeduos
1023 2845 1226 2910 eorumquae

129 2935 261 2999 clientes
284 2934 383 2998 semel
410 2940 507 3018 atque
534 2935 651 2998 iterum
681 2933 778 2997 armis
806 2934 1023 3013 contendisse,
1051 2953 1199 3017 magnam

129 3041 340 3105 calamitatem
359 3042 469 3125 pulsos
490 3042 661 3124 accepisse,
686 3060 813 3104 ornnem
831 3041 1045 3122 nobilitatem,
1070 3058 1195 3103 omnem

90 3170 116 3212 ao
129 3155 289 3231 senatum,
314 3167 442 3212 omnem
465 3149 643 3231 equitatum
663 3149 814 3212 amisisse.
862 3147 980 3229 quibus
995 3147 1124 3231 proeliis
1147 3167 1225 3216 car

128 3255 388 3338 lamitatibusque
404 3254 534 3337 fractos,
555 3255 609 3337 qui
626 3259 658 3318 et
676 3274 734 3318 sua
749 3256 868 3318 virtute
887 3260 919 3317 et
936 3254 1047 3338 populi
1061 3254 1199 3317 Romani

128 3362 266 3447 hospitio
286 3367 382 3445 atque
397 3362 539 3425 amicitia
557 3362 731 3444 plurimum
750 3367 824 3424 ante
842 3362 878 3423 in
895 3360 999 3424 Gallia
1013 3362 1198 3444 potuissent,

129 3473 253 3532 coaetos
281 3487 350 3533 esse
375 3467 534 3549 Sequanis
562 3467 690 3531 obsides
717 3468 793 3532 dare
816 3467 1033 3531 nobilissimos
1061 3468 1198 3531 civitatis

129 3581 161 3639 et
185 3576 255 3640 iure
282 3574 421 3639 iurando
445 3577 606 3639 civitatem
630 3574 826 3657 obstringere
851 3593 920 3638 sese
942 3593 1048 3658 neque
1072 3574 1198 3638 obsides

91 3683 320 3766 ampetituros
341 3700 449 3766 neque
471 3682 630 3744 auxilium
658 3701 677 3742 a
701 3681 819 3765 populo
842 3682 987 3745 Romano
1011 3681 1197 3764 imploratu-

218 3947 260 4000 12.
280 3947 315 4000 13
333 3946 413 4016 idque
432 3947 546 4000 caesaris
565 3947 652 4001 facere
674 3902 813 4000 uoluntate
832 3964 866 4013 713
890 3945 969 4014 idque
992 3946 1078 3999 faeere
1102 3945 1197 3999 uolun-

129 4039 183 4108 tate
203 4035 319 4091 caesaris
337 4034 419 4104 h(l.2);
439 4035 539 4105 [idque]
559 4035 679 4090 Caesaris
698 4034 835 4089 uoluntate
856 4035 962 4104 [faeere]
982 4033 1073 4087 Horta

147 4231 191 4287 2111
215 4144 263 4201 81.
283 4143 300 4197 3
322 4142 350 4196 in
368 4142 472 4197 occulto
490 4142 530 4210 X3
558 4143 608 4196 dal.
628 4143 703 4247 odi]
738 4138 747 4213 ss
783 4142 800 4196 9
824 4141 918 4211 galbae
939 4141 1021 4195 totius
1041 4140 1088 4208 ab3
1116 4141 1197 4194 totius

130 4249 146 4302 a
184 4233 260 4301 'aaa

1002 4319 1037 4372 2*
