2924 4808
508 334 615 388 LIBER
634 335 694 387 VII.
714 333 789 387 CAP.
810 335 931 390 30-33.
1189 321 1251 384 179

188 503 267 578 sent,
292 496 355 559 duc
379 498 600 580 magistratum
617 502 731 580 gerant
753 502 833 560 etse
851 503 984 579 uterque
1000 517 1112 560 eorum
1127 499 1252 582 legibus

187 609 327 667 creatum
350 605 441 667 dicat.
488 604 602 666 horum
626 623 694 666 esse
718 605 853 667 alterum
875 603 1171 687 Convictolitavem,
1195 605 1279 674 llo-4

185 716 306 775 rentem
331 715 363 774 et
384 711 553 774 inlustrem
577 711 825 791 adulescentem,
854 712 988 774 alterum
1013 711 1142 792 Cotum,
1170 714 1252 775 anti·

154 855 158 862 ·
186 818 340 900 quissima
370 817 491 879 familia
522 823 634 880 natum
663 821 758 899 atque
786 818 892 900 ipsum
919 818 1081 880 hominem
1108 837 1251 883 summae

150 947 171 988 1⁵
184 927 343 1007 potentiae
372 929 402 988 et
429 943 564 1007 magnae
592 925 802 1007 cognationis
830 926 921 988 cuius
948 924 1045 988 frater
1066 925 1251 988 Valetiacus

185 1033 331 1114 proximo
364 1050 448 1093 anno
482 1032 620 1095 eundem
653 1032 871 1114 magistratum
902 1033 1043 1114 gesserit.
1089 1032 1278 1100 civitatemo

185 1157 253 1201 esse
270 1157 398 1201 omnem
413 1139 448 1200 in
465 1139 574 1219 armiS,
598 1138 737 1201 divisum
754 1143 914 1219 senatum,
933 1138 1073 1201 divisum
1089 1139 1251 1222 populum,

184 1264 257 1308 suas
285 1246 441 1326 cuiusque
470 1263 580 1307 eorum
608 1245 780 1308 clientelas.
831 1245 917 1327 quod
945 1246 973 1307 si
1000 1245 1121 1308 diutius
1149 1245 1252 1308 alatur

184 1353 413 1434 controversia,
434 1351 514 1429 fore,
542 1353 590 1414 uti
613 1372 686 1434 pars
710 1371 782 1414 cum
811 1356 899 1435 parte
928 1352 1065 1414 civitatis
1094 1351 1250 1435 confligat.

149 1459 217 1520 aid
239 1477 281 1521 ne
305 1459 439 1541 accidat,
461 1459 600 1541 positum
624 1459 658 1520 in
675 1459 743 1521 eius
759 1458 926 1540 diligentia
946 1463 1042 1541 atque
1057 1459 1251 1522 auctoritate.

161 1562 313 1647 ransar,
337 1567 397 1628 etsi
419 1586 438 1627 a
461 1565 544 1628 bello
569 1570 663 1648 atque
687 1566 778 1628 hoste
802 1565 964 1628 discedere
988 1566 1252 1629 detrimentosum
1269 1583 1306 1638 33

185 1690 253 1736 esse
277 1672 494 1755 existimabat,
518 1677 625 1736 tamen
648 1692 714 1735 non
736 1674 899 1754 ignorans,
924 1678 1043 1752 quanta
1066 1692 1107 1735 ex
1131 1673 1251 1736 dissen-

185 1779 331 1842 sionibus
358 1778 561 1842 inccmmoda
588 1780 665 1841 oriri
693 1782 912 1860 consuessent,
944 1798 985 1842 ne
1013 1784 1102 1841 tanta
1129 1785 1160 1842 et
1187 1784 1252 1841 tam

185 1886 358 1948 coniuncta
379 1886 499 1968 populo
514 1885 659 1948 Romano
676 1886 799 1968 civitas,
824 1906 919 1968 quam
935 1887 1001 1969 ipse
1017 1904 1141 1968 semper
1157 1886 1252 1947 aluis-

79 1995 83 2003 '
162 1997 234 2055 eset
249 1991 462 2075 omnibusque
477 1993 573 2056 rebus
590 1997 745 2075 ornasset,
769 1992 808 2054 ad
826 1994 890 2054 vim
906 1997 1000 2075 atque
1017 2013 1107 2054 arma
1122 1993 1251 2055 descen-

186 2098 274 2162 deret
298 2104 392 2182 atque
417 2117 454 2162 ea
477 2119 562 2181 pars,
592 2118 672 2181 quae
694 2100 801 2162 minus
829 2099 890 2161 sibi
918 2099 1103 2180 confideret,
1131 2100 1253 2161 auxilia

186 2225 204 2267 a
218 2206 483 2289 Vercingetorige
500 2211 684 2287 arcesseret,
708 2207 783 2269 huic
799 2208 845 2268 rei
862 2206 1126 2288 praevertendum
1144 2207 1252 2269 existi-

186 2313 296 2396 mavit,
321 2318 354 2376 et
376 2313 462 2394 quod
480 2313 605 2395 legibus
621 2312 831 2376 Haeduorum
854 2314 906 2393 iis,
931 2315 987 2395 qui
1002 2332 1163 2375 summum
1187 2333 1279 2377 mat-2

186 2420 353 2501 gistratum
377 2419 571 2501 obtinerent,
595 2420 750 2483 excedere
775 2439 816 2482 ex
834 2418 953 2482 finibus
976 2439 1042 2482 non
1065 2420 1187 2500 liceret,
1211 2439 1251 2482 ne

155 2539 176 2581 10
189 2526 264 2607 quid
289 2525 328 2589 de
350 2528 420 2590 iure
445 2532 500 2589 aut
523 2527 561 2590 de
585 2527 710 2609 legibus
734 2546 845 2590 eorum
869 2527 1062 2589 deminuisse
1081 2525 1252 2606 videretur,

188 2633 311 2711 ipsein
333 2631 487 2696 Haeduos
509 2633 668 2716 proficisci
695 2633 806 2696 statuit
829 2637 1038 2715 senatumque
1067 2651 1193 2694 omnem
1221 2638 1253 2696 et
1278 2634 1280 2638 ’

189 2759 267 2822 quos
295 2740 379 2802 inter
406 2742 621 2804 controversia
654 2746 736 2803 esset
768 2741 809 2802 ad
841 2759 875 2803 se
902 2737 1066 2802 Decetiam
1099 2741 1251 2802 evocavit.

189 2864 260 2909 cum
296 2865 394 2930 prope
427 2849 529 2910 omnis
564 2848 676 2910 civitas
713 2866 750 2910 eo
786 2848 988 2910 convenisset
1022 2847 1280 2928 docereturquee

189 2954 297 3034 paucis
316 2953 398 3016 clam
412 2954 595 3017 convocatis
619 2954 682 3016 alio
697 2954 780 3035 loco,
804 2954 865 3016 alio
882 2961 1034 3036 tempore,
1051 2961 1145 3035 atque
1162 2972 1252 3035 opor·

156 3069 178 3112 1⁵
190 3061 294 3142 tuerit,
309 3058 438 3124 fratrem
455 3080 473 3121 a
486 3060 581 3123 fratre
597 3061 826 3141 renuntiatum,
850 3080 924 3123 cum
939 3060 1026 3140 leges
1042 3060 1106 3122 duo
1130 3078 1172 3122 ex
1187 3079 1253 3122 una

189 3165 308 3229 familia
330 3167 403 3229 vivo
432 3172 568 3249 utroque
592 3186 656 3229 non
680 3167 785 3230 solum
807 3168 1010 3249 magistratus
1038 3167 1139 3229 creari
1167 3171 1253 3229 veta-

189 3278 269 3354 rent,
292 3273 349 3336 sed
372 3274 469 3337 etiam
492 3274 528 3336 in
550 3280 664 3337 senatu
686 3293 755 3338 esse
778 3273 992 3356 prohiberent,
1017 3272 1130 3335 (ictum
1154 3274 1253 3356 impe-

189 3380 269 3443 rium
293 3379 452 3462 deponere
473 3382 588 3464 coegit,
612 3379 908 3463 Convictolitavem,
932 3381 988 3462 qui
1003 3398 1059 3463 per
1075 3381 1281 3443 sacerdotesr

190 3504 274 3550 more
297 3487 434 3550 civitatis
457 3488 647 3551 intermissis
670 3487 907 3570 magistratibus
931 3491 1013 3550 esset
1036 3493 1173 3568 creatus,
1198 3505 1253 3569 po-

155 3596 333 3657 ²0testatem
356 3593 499 3658 obtinere
523 3594 624 3657 iussit.

276 3805 310 3858 12
328 3805 456 3874 creatum]
476 3821 535 3859 esse
553 3805 615 3858 add
630 3825 647 3856 a
679 3807 689 3871 ll
721 3808 755 3859 15
775 3805 924 3859 ualeciacus
939 3803 1027 3872 (A)Q;
1046 3803 1156 3857 ultiacus
1174 3803 1225 3871 b(t)
1245 3801 1254 3874 ll

190 3893 219 3946 17
239 3910 346 3948 omnem
364 3909 424 3948 esse
444 3894 484 3948 Sa
515 3897 524 3965 ll
563 3895 596 3948 18
615 3910 677 3948 suas
695 3894 733 3962 X;
758 3894 856 3948 divisas
874 3893 985 3962 JMeyer
1021 3894 1030 3962 tl
1066 3892 1194 3961 cuiusque
1212 3891 1253 3960 X;

190 3982 324 4052 utriusque
342 3983 416 4050 RMq

274 4072 321 4128 33.
342 4074 355 4124 1
376 4089 392 4126 a
410 4079 498 4139 emp
530 4072 538 4140 l
570 4075 594 4126 5.
614 4068 634 4127 6Ι
650 4073 797 4126 discederet
816 4092 833 4123 a
865 4073 874 4138 tl
910 4071 996 4126 6sibi
1014 4087 1067 4124 om.
1088 4089 1105 4122 α
1141 4070 1151 4136 ΙΙ
1185 4069 1255 4125 aiis

189 4161 225 4216 aa.
244 4162 272 4229 13
290 4161 334 4215 ns
352 4160 384 4214 X
412 4161 421 4230 ιι
454 4161 488 4216 10
506 4162 539 4214 re
557 4161 660 4231 legibus
679 4164 725 4215 aut
742 4162 798 4215 iure
818 4177 909 4216 eorum
920 4167 938 4228 ρ
969 4161 978 4230 p
1011 4159 1044 4214 12
1056 4160 1091 4215 ar
1103 4142 1423 4520 a*

190 4249 316 4305 decedam
329 4257 379 4320 χβ;
398 4250 520 4320 etiamn>
552 4251 560 4319 ΙΙ
594 4252 626 4305 15
646 4267 662 4305 a
674 4257 725 4320 χβς
745 4253 812 4321 ettp
1230 4250 1236 4257 “

1040 4354 1095 4411 12*
1165 4408 1168 4413 .
