2924 4808
453 310 560 364 LIBER
577 311 653 364 VIII.
673 310 749 366 CAP.
766 311 887 365 19-23.
1139 294 1202 357 231

138 474 285 538 omnibus
314 473 467 555 adversis,
496 473 634 557 [cognita
661 473 857 557 calamitate]
886 473 1049 537 Interfecto
1079 471 1203 555 Correo,

98 607 123 649 ro
138 582 253 644 amisso
283 583 426 663 equitatu
459 586 491 644 et
516 579 694 644 fortissImis
721 580 894 664 peditibus,
928 599 1003 643 cum
1031 580 1203 644 adventare

138 687 297 750 Romanos
319 688 559 768 existimarent,
594 687 730 750 concilio
763 693 891 770 repente
924 693 1020 750 cantu
1053 687 1203 750 tubarum

138 797 311 857 convocato
334 794 545 875 conclamant,
567 794 660 877 legati
682 793 872 875 obsidesque
891 793 931 856 ad
948 792 1115 857 Caesarem
1133 795 1202 857 mit-

112 906 254 968 rtantur.
300 900 372 964 Hoc
395 902 543 964 omnibus
566 900 697 984 probato
726 901 858 963 oonsilio
884 898 1044 963 Commius
1067 900 1204 964 Atrebas
1222 907 1258 960 21

139 1008 178 1070 ad
201 1027 255 1072 eos
279 1010 420 1091 confugit
436 1008 623 1088 Germanos,
646 1028 664 1070 a
684 1007 800 1090 quibus
823 1007 863 1071 ad
886 1006 918 1069 id
941 1006 1060 1070 bellum
1082 1007 1204 1070 auxilia

139 1120 301 1178 mutuatus
325 1121 398 1180 erat.
438 1116 535 1178 ceteri
558 1133 575 1178 e
598 1115 731 1197 vestigio
755 1115 885 1177 mittunt
907 1113 948 1176 ad
970 1112 1137 1176 Gaesarem
1159 1113 1231 1178 le·2

139 1228 226 1304 gatos
242 1227 431 1304 petuntque,
455 1227 491 1285 ut
509 1241 547 1285 ea
564 1241 667 1305 poena
686 1223 726 1284 sit
745 1226 913 1284 contentus
930 1221 1082 1302 hostium,
1107 1240 1204 1302 quam

110 1331 165 1396 osi
189 1330 257 1392 sine
286 1329 491 1392 dimicatione
518 1329 634 1392 inferre
662 1329 796 1411 Integris
823 1333 942 1411 posset,
970 1348 1027 1411 pro
1056 1347 1115 1391 sua
1142 1328 1204 1391 cle-

139 1438 256 1498 mentia
280 1442 373 1518 atque
397 1436 595 1499 humanitate
618 1455 795 1516 numquam
820 1435 958 1518 profecto
983 1439 1066 1498 esset
1088 1434 1204 1497 inlatu-

139 1562 201 1606 rus.
248 1542 389 1606 adflictas
418 1562 493 1625 opes
526 1543 666 1625 equestri
698 1542 820 1625 proelio
848 1541 1092 1604 Bellovacorum
1120 1560 1232 1622 esse;a

140 1649 332 1712 delectorum
361 1649 506 1732 peditum
533 1650 633 1712 multa
660 1649 750 1711 milia
776 1649 938 1730 interisse,
967 1649 1025 1711 vix
1049 1649 1204 1730 refugisse

139 1758 269 1820 nuntios
292 1758 405 1820 caedis.
452 1776 605 1838 magnum
633 1763 751 1837 tamen,
779 1761 815 1819 ut
842 1755 878 1818 in
902 1760 989 1819 tanta
1017 1755 1232 1837 calamitates

98 1887 125 1928 ro
139 1863 325 1926 Bellovacos
353 1883 390 1927 eo
418 1863 537 1947 proelio
567 1863 770 1926 commodum
798 1881 866 1925 esse
890 1867 1090 1943 consecutos,
1119 1861 1205 1944 quod

140 1968 289 2052 Correus
313 1976 421 2033 auctor
444 1970 532 2051 belli,
556 1970 730 2032 concitator
752 1967 981 2051 multitudinis,
1006 1974 1089 2031 esset
1108 1970 1205 2031 inter-

138 2077 247 2140 fectus.
294 2096 469 2159 numquam
498 2078 583 2139 enim
610 2081 755 2140 senatum
782 2081 903 2138 tantum
933 2076 967 2137 in
994 2076 1120 2138 civitate
1148 2075 1203 2138 illo

111 2184 212 2248 rvivo
239 2190 395 2265 quantum
421 2186 600 2267 imperitam
627 2183 753 2267 plebem
780 2184 928 2266 potuisse.
975 2182 1064 2246 Haec
1088 2184 1204 2246 oranti·
1223 2196 1259 2251 22

138 2290 198 2353 bus
218 2291 331 2374 legatis
353 2289 719 2354 commemoratGaesar:
746 2291 858 2353 eodem
877 2296 1018 2372 tempore
1042 2291 1204 2372 superiore

139 2417 222 2460 anno
257 2398 443 2461 Bellovacos
478 2402 661 2478 ceterasque
697 2396 815 2460 Galliae
851 2397 992 2461 civitates
1028 2397 1204 2478 suscepisse

138 2504 271 2583 bellum3
300 2505 550 2587 pertinacissime
573 2506 629 2566 hos
658 2522 699 2566 ex
723 2504 870 2566 omnibus
898 2504 933 2565 in
956 2504 1112 2566 sententia
1135 2522 1204 2585 per-

110 2613 291 2675 amansisse
319 2631 424 2694 neque
453 2611 492 2673 ad
520 2612 688 2674 sanitatem
720 2610 917 2692 reliquorum
946 2610 1106 2674 deditione
1136 2628 1204 2672 esse

138 2718 314 2800 perductos.
361 2719 442 2781 scire
466 2723 560 2800 atque
584 2717 768 2800 intellegere
797 2735 831 2780 se
860 2735 987 2780 causam
1013 2717 1136 2799 peccati
1159 2717 1232 2778 faa

139 2823 255 2887 oillime
284 2826 416 2888 mortuis
445 2825 591 2906 delegari.
638 2825 800 2887 neminem
822 2843 896 2886 vero
925 2828 1049 2887 tantum
1076 2823 1204 2906 pollere,

139 2937 175 2994 ut
201 2932 309 2994 invitis
336 2931 549 3014 principibus,
581 2932 745 2994 resistente
773 2936 898 3011 senatu,
931 2930 1081 2993 omnibus
1114 2930 1204 2993 bonis

138 3038 387 3121 repugnantibus
419 3037 545 3100 infirma
576 3056 674 3099 manu
705 3037 807 3120 plebis
840 3037 959 3100 bellum
987 3037 1146 3099 concitare
1175 3042 1206 3099 et

98 3164 247 3228 regerere
274 3151 387 3228 posset.
434 3144 490 3209 sed
516 3150 624 3207 tamen
656 3162 690 3207 se
718 3149 904 3207 contentum
934 3143 1001 3206 fore
1030 3163 1067 3206 ea
1094 3161 1204 3226 poena,

111 3259 236 3334 nquam
258 3252 319 3314 sibi
341 3252 403 3335 ipsi
427 3253 667 3315 contraxissent.
709 3249 739 3313 N
741 3255 809 3314 octe
832 3251 1015 3333 insequenti
1038 3250 1134 3332 legati
1157 3269 1204 3313 re·
1223 3260 1260 3317 23

139 3377 256 3441 sponsa
283 3358 323 3421 ad
347 3377 423 3421 suos
445 3357 600 3439 referunt,
629 3357 755 3421 obsides
784 3356 964 3420 conficiunt.
1012 3362 1206 3420 concurrunt

138 3464 348 3547 reliquarum·
362 3465 527 3528 civitatum
553 3465 663 3547 legati,
693 3484 773 3547 quae
796 3464 1039 3528 Bellovacorum
1063 3464 1205 3547 specula-

114 3638 118 3649 '
183 3710 186 3715 ⁴
228 3641 368 3709 9cognita
386 3638 535 3694 calamItate
557 3641 607 3693 del.
627 3640 727 3693 Fuere.
765 3641 774 3709 11
810 3641 903 3693 corbeo
923 3659 940 3690 α
977 3640 986 3709 11
1024 3639 1057 3691 12
1076 3639 1156 3707 legati
1179 3640 1205 3691 et

138 3728 245 3783 obsides
262 3736 280 3796 β
311 3730 319 3797 11
353 3729 393 3782 12.
416 3731 448 3782 13
468 3730 609 3782 mittuntur
627 3748 649 3798 q>

227 3819 273 3874 21.
294 3820 308 3870 1
328 3818 386 3872 Hoc
404 3819 512 3873 consilio
531 3819 653 3871 omnibus
671 3817 779 3887 probato
797 3825 814 3884 β
845 3818 854 3886 11
886 3818 902 3870 2
921 3834 966 3871 eos
985 3833 1125 3886 germanos
1144 3833 1204 3884 per-

138 3907 241 3976 fugitfi
272 3907 281 3976 11
313 3907 337 3960 2.
358 3909 374 3961 3
393 3925 408 3960 a
427 3908 522 3976 quibus
541 3910 597 3961 erat
615 3908 648 3960 ad
666 3906 767 3960 bellurn
786 3907 884 3960 auxilia
903 3908 1074 3972 mutuatusfl
1107 3907 1114 3973 11
1148 3907 1203 3960 6.7

138 3995 269 4050 inlaturus
288 3999 394 4064 essetfl
425 3998 433 4067 11
466 3997 657 4063 ΊΑᾱῐθοῒειεβ
688 3998 697 4060 11
728 3996 855 4049 blamen
868 4012 994 4064 magnum
1008 4015 1025 4046 α
1058 3997 1066 4060 11
1099 3996 1133 4049 10
1147 4011 1205 4048 esse

137 4093 228 4152 onass
258 4085 267 4155 11
300 4088 331 4138 11
353 4086 463 4140 corbeus
483 4105 499 4136 a
532 4086 540 4153 11
573 4085 760 4151 conciliatorss

228 4265 274 4321 23.
294 4266 310 4318 3
330 4264 477 4318 ciuitatium
496 4263 598 4318 ABMb
629 4265 638 4333 11
670 4280 738 4332 quae
756 4270 784 4331 β;
804 4264 849 4332 qui
868 4263 904 4330 uf
