2924 4808
528 304 635 358 LIBER
652 304 701 357 ΠΙ.
722 304 797 357 ulP.
814 303 931 357 15-19.
1219 288 1261 349 69

195 468 465 550 contemptionem
489 465 625 530 Sabinus
651 469 784 547 veniret,
808 466 862 529 sed
888 468 981 529 etiam
1005 471 1187 529 nostrorum
1203 466 1262 527 mi·

193 575 285 638 litum
308 573 445 638 vocibus
467 594 532 636 non
553 575 635 636 nihil
651 579 845 656 carperetur3
871 577 1055 655 tantamque
1080 574 1290 654 opinioncmc

193 683 316 744 timoris
339 681 497 764 praebuit,
522 686 557 744 ut
580 681 643 743 ianr
667 681 707 743 ad
723 681 842 743 vallum
861 686 1035 743 castrorum
1051 680 1157 742 hostes
1173 698 1261 742 acce-

193 789 266 851 dere
291 790 453 851 auderent.
500 789 593 851 idea
617 789 656 851 de
681 807 776 850 causa
798 787 947 868 faciebat,
973 787 1056 869 quod
1081 806 1154 849 cum
1174 791 1289 853 tantar

150 919 179 960 ao
193 895 401 958 multitudine
423 895 579 976 hostium,
604 896 789 977 praesertim
810 913 846 956 eo
863 893 1005 975 absente,
1031 894 1087 974 qui
1103 913 1260 956 summam

191 1003 318 1084 imperii
345 1009 480 1083 teneret,
509 1002 573 1064 nisi
604 1021 706 1082 aequo
735 1002 804 1063 loco
833 1008 888 1063 aut
916 1002 1126 1083 oportunitate
1154 1001 1261 1083 aliqua

166 1108 263 1174 idata
287 1109 391 1192 legato
412 1109 627 1171 dimicandum
651 1128 715 1171 non
734 1107 943 1171 existimabat.
982 1107 1052 1171 Hac
1076 1107 1260 1170 confirmata
1279 1115 1316 1168 18

192 1217 341 1299 opinione
364 1216 487 1279 timoris
511 1217 663 1278 idoneum
688 1215 846 1297 quendam
872 1216 1032 1277 hominem
1056 1219 1087 1278 et
1110 1214 1261 1277 callidum

192 1323 321 1405 delegit,
345 1322 486 1400 Gallum,
510 1341 551 1385 ex
574 1323 627 1403 iia,
652 1341 732 1404 quos
749 1322 862 1384 auxilii
879 1341 975 1385 causa
990 1341 1100 1384 seeum
1116 1321 1260 1384 habebat.

191 1430 266 1492 hnic
295 1431 420 1512 magnis
447 1430 595 1512 praemiis
623 1427 971 1512 pollicitationibusque
999 1429 1180 1511 persuadet,
1215 1431 1290 1492 ntia

165 1537 232 1601 aad
256 1537 363 1599 hostes
387 1541 538 1617 transeat,
562 1541 594 1598 et
617 1536 696 1617 quid
713 1535 782 1598 fieri
801 1535 879 1598 velit
894 1536 1012 1598 edocet.
1053 1537 1107 1616 qui
1132 1535 1187 1598 ubi
1204 1555 1290 1618 pree

190 1645 324 1727 perfuga
347 1643 387 1706 ad
411 1663 465 1706 eos
488 1645 586 1724 venit,
611 1645 756 1705 timorem
771 1642 990 1705 Romanorum
1004 1643 1166 1725 proponit,
1191 1645 1262 1724 qui-

192 1749 252 1814 bus
277 1751 434 1834 angustiis
456 1752 525 1832 ipse
550 1748 665 1813 Caesar·
687 1770 705 1812 a
728 1750 859 1812 Venetis
887 1755 1047 1832 prematur
1075 1749 1179 1830 docet,
1207 1768 1290 1813 ne-4

193 1877 256 1938 que
280 1857 408 1940 longius
432 1857 555 1936 abesse,
579 1858 660 1938 quin
683 1858 830 1938 proxima
853 1863 944 1920 nocte
969 1853 1106 1919 Sabinus
1122 1857 1202 1919 clam
1220 1877 1261 1920 ex

192 1967 305 2028 castris
334 1965 509 2028 exercitum
539 1964 652 2027 educat
677 1969 708 2027 et
735 1963 776 2026 ad
804 1963 970 2026 Caesarem
998 1964 1111 2026 auxilii
1137 1963 1260 2027 ferendi

155 2093 180 2135 10
193 2092 289 2135 causa
317 2071 542 2155 proficiscatur.
595 2071 680 2152 quod
709 2070 763 2134 ubi
793 2072 938 2133 auditum
971 2077 1031 2152 est,
1064 2071 1291 2134 conclamante

194 2197 304 2242 omnes
329 2180 528 2242 occasionem
551 2179 672 2260 negotii
696 2178 777 2241 bene
801 2178 932 2261 gerendi
961 2179 1166 2240 amittendam
1196 2198 1260 2241 non

193 2304 275 2349 esse:
300 2284 341 2350 ad
364 2291 467 2348 castra
489 2287 531 2347 iri
555 2292 706 2368 oportere.
752 2286 872 2348 multae
891 2304 942 2348 res
959 2285 997 2347 ad
1015 2287 1075 2348 hoc
1091 2286 1290 2348 consiliumc

194 2391 302 2455 Gallos
325 2392 547 2455 hortabantur:
577 2394 777 2474 superiorum
806 2394 928 2455 dierum
953 2390 1062 2454 Sabini
1090 2393 1261 2468 cunctatio,
1293 2408 1306 2458 t

157 2607 366 2689 indiligenter
398 2605 437 2668 ab
471 2607 510 2668 iis
538 2613 603 2668 erat
630 2607 807 2689 provisum,
840 2625 911 2689 spes
939 2606 1085 2668 Venetici
1113 2606 1202 2688 belli,
1231 2614 1262 2669 et

193 2713 280 2794 quod
302 2712 367 2777 fere
391 2712 528 2776 libenter
542 2713 687 2776 homines
710 2713 757 2795 id,
781 2714 867 2796 quod
882 2713 1007 2794 volunt,
1031 2713 1172 2776 credunt.
1212 2715 1290 2778 hisr

191 2820 288 2883 rebus
316 2821 445 2883 adducti
475 2841 538 2882 non
567 2822 656 2904 prius
682 2821 899 2883 Viridovicem
930 2821 1134 2902 reliquosque
1164 2823 1261 2885 duces

192 2947 233 2991 ex
258 2928 396 2990 concilio
420 2928 596 3006 dimittunt,
626 2948 721 3008 quarn
749 2927 788 2990 ab
815 2929 855 2989 iis
884 2929 1145 3011 siwoncessum,
1174 2949 1261 2991 arma

192 3036 238 3098 uti
262 3034 392 3118 capiant
415 3040 445 3097 et
468 3035 508 3097 ad
524 3041 624 3098 castra
641 3035 843 3098 contendant.
883 3055 946 3116 qua
961 3055 996 3098 re
1013 3053 1163 3099 concessa
1178 3035 1290 3118 laetis

153 3160 178 3202 ao
192 3147 227 3205 ut
249 3141 414 3224 explorata
429 3141 576 3222 victoria,
599 3143 768 3204 sarmentis
785 3143 996 3225 virgultisque
1013 3142 1166 3224 collectiS,
1191 3144 1261 3223 qui-

191 3248 250 3311 bus
286 3247 388 3311 fossas
419 3249 638 3311 Romanorum
671 3249 863 3331 compleant,
900 3250 940 3312 ad
978 3256 1080 3313 castra
1117 3257 1260 3334 pergunt.

166 3353 295 3418 rLocus
318 3360 385 3418 erat
407 3361 583 3419 castrorum
606 3356 708 3419 editus
733 3362 764 3419 et
786 3356 940 3439 paulatim
969 3356 1101 3419 auimo
1130 3359 1261 3421 acclivis
1280 3369 1318 3423 19

192 3463 319 3526 circiter
340 3482 453 3546 passus
475 3464 571 3525 mille.
618 3465 681 3526 huc
704 3483 820 3546 magno
845 3484 942 3527 cursu
958 3465 1202 3547 contenderunt,
1225 3471 1262 3528 ut

192 3589 288 3650 quam
311 3570 481 3633 minimum
504 3572 596 3653 spatii
620 3570 660 3633 ad
684 3590 717 3634 se
738 3571 934 3654 colligendos
951 3561 1183 3655 armandosque
1198 3571 1261 3634 Ro-

280 3782 314 3836 16
333 3784 514 3850 contemptum
532 3789 549 3849 β
581 3783 589 3850 ll
622 3783 656 3836 20
675 3782 791 3837 hostiurn
811 3801 862 3836 orit.
883 3803 899 3853 p

279 3871 584 3939 18.lhacSp;acc
616 3872 625 3939 ll
657 3873 941 3939 3iiscd.1;hisX
970 3874 978 3937 il
1015 3875 1116 3940 4utss
1152 3875 1160 3942 ll
1198 3875 1261 3927 fret

191 3977 277 4030 onap
313 3961 322 4028 ll
358 3976 405 4028 pro
423 3968 512 4027 onap
552 3962 560 4028 l!
602 3963 842 4030 lpremobaturss
882 3966 890 4032 it
935 3965 965 4017 15
984 3963 1017 4017 iis
1035 3964 1075 4016 ed.
1095 3964 1123 4030 13
1144 3963 1187 4016 his
1205 3962 1236 4016 X
1252 3962 1262 4034 ll

193 4049 225 4102 18
243 4049 388 4116 consiliofl
418 4050 427 4118 ΙΙ
458 4051 491 4103 iis
510 4052 548 4104 cd.
569 4053 596 4118 13
616 4051 657 4104 his
676 4051 706 4103 X
739 4053 747 4119 l!
786 4054 826 4106 18.
849 4054 881 4106 19
900 4069 974 4106 arma
992 4054 1031 4105 nti
1051 4053 1157 4122 capiant
1176 4072 1209 4121 123
1229 4059 1265 4106 ut

192 4138 292 4206 copiam
312 4139 446 4206 laciantrl
477 4140 485 4207 il
518 4141 549 4192 21
571 4140 751 4195 Romanorum
770 4142 820 4195 del.
840 4142 970 4195 Nc‘tscbe'

279 4228 325 4283 19.
345 4229 361 4282 3
379 4229 572 4299 armandosque
591 4248 643 4282 om.
662 4237 680 4297 β
