2924 4808
515 297 622 351 LIBER
640 299 702 352 llll.
724 299 799 354 CAP.
819 300 941 355 30-34.
1221 290 1267 351 95

194 464 334 541 tuerent3
359 465 429 524 tum
452 460 611 544 dispersos
636 461 785 544 depositis
809 465 906 527 armis
933 465 968 526 in
990 464 1140 528 metendo
1170 487 1296 533 occu-s

192 573 283 649 patos
316 567 422 631 subito
458 568 560 631 adorti
597 570 709 652 paucis
746 569 920 634 interfectis
956 571 1097 653 reliquos
1132 574 1263 637 incertis

152 697 179 738 ao
193 673 361 737 ordinibus
394 674 672 758 perturbaverant,
707 677 804 739 simul
837 679 980 760 equitatu
1014 684 1110 760 atque
1142 679 1263 742 essedis

165 804 177 844 1
192 780 478 845 circumdederant.
525 781 636 846 Genus
650 784 711 845 hoc
732 789 780 846 est
797 802 839 846 ex
858 784 977 847 essedis
992 804 1133 868 pugnae:
1158 787 1261 868 primo
1279 804 1323 860 33

190 908 248 971 per
272 908 382 953 omnes
404 894 510 973 partes
533 876 737 973 perequitant
766 895 797 954 et
819 890 883 953 tela
906 893 1048 954 coiciunt
1071 898 1166 974 atque
1189 892 1262 975 ipso

191 1001 311 1059 terrore
340 1015 497 1077 equorum
525 1001 556 1059 et
583 997 716 1078 strepitu
744 1001 886 1060 rotarum
915 998 1043 1062 ordines
1070 999 1262 1082 plerumque

190 1101 393 1185 perturbant,
417 1107 448 1166 et
470 1123 543 1166 cum
559 1122 593 1167 se
608 1105 692 1167 inter
707 1105 852 1185 equitum
869 1110 990 1168 turmas
1005 1107 1261 1191 insinuaverunt,

163 1227 232 1273 sex
256 1208 376 1273 essedis
400 1209 552 1273 desiliunt
575 1216 607 1274 et
629 1210 763 1294 pedibus
781 1211 987 1294 proeliantur.
1034 1215 1163 1296 aurigae
1179 1215 1293 1280 inte-2

189 1317 251 1378 rim
275 1316 428 1399 paulatim
452 1335 494 1380 ex
517 1317 637 1401 proelio
662 1317 822 1382 excedunt
845 1324 941 1401 atque
970 1321 1016 1382 ita
1044 1340 1156 1383 currus
1184 1341 1260 1384 con-

188 1424 309 1506 locant,
337 1429 386 1505 ut,
414 1425 442 1485 si
464 1423 514 1486 illi
537 1444 557 1486 a
578 1424 785 1489 multitudine
809 1425 949 1489 hostium
973 1433 1171 1509 premantur,
1204 1448 1260 1491 ex-

188 1531 336 1613 peditum
372 1530 412 1593 ad
448 1549 524 1594 suos
560 1537 737 1614 receptum¹
762 1532 909 1596 babeant.
969 1534 1013 1596 ita
1049 1534 1293 1602 mobilitateme

190 1639 351 1720 equitum,
383 1636 589 1702 stabilitatem
620 1637 764 1721 pediturn
797 1640 832 1701 in
859 1639 988 1722 proeliis
1015 1646 1189 1723 praestant,
1223 1661 1260 1704 ac

149 1764 175 1805 10
189 1725 327 1808 tantum
347 1764 411 1808 usu
438 1744 599 1808 cotidiano
632 1750 664 1809 et
690 1746 919 1810 exercitatione
953 1746 1107 1829 efficiunt,
1143 1749 1192 1811 uti
1224 1750 1258 1810 in

190 1851 306 1914 declivi
329 1870 367 1914 ac
389 1852 555 1935 praecipiti
578 1852 648 1915 loco
669 1853 818 1916 incitatos
834 1872 934 1934 equos
950 1855 1106 1917 sustinere
1122 1859 1153 1917 ct
1168 1855 1259 1918 brevi

188 1959 349 2021 moderari
373 1978 409 2022 ac
432 1958 559 2022 flectere
583 1964 614 2021 et
629 1977 685 2042 per
700 1963 859 2023 temonem
876 1978 1060 2043 percurrere
1085 1961 1166 2024 etin
1182 1963 1259 2044 iugo

163 2119 166 2122 Δ
188 2067 336 2130 insistere
356 2071 387 2129 et
410 2084 444 2128 se
462 2065 538 2128 inde
556 2066 589 2127 in
606 2084 719 2129 currus
736 2068 888 2130 citissime
904 2068 1044 2150 recipere
1064 2070 1258 2132 consuerint.

163 2169 315 2246 rQuibus
338 2172 435 2236 rebus
457 2171 649 2256 perturbatis
673 2175 789 2236 nostris
809 2174 949 2238 novitate
965 2195 1092 2258 pugnae
1116 2183 1257 2258 tempore
1275 2194 1318 2248 34

189 2280 436 2362 oportunissimo
452 2279 567 2343 Caesar
588 2281 745 2343 auxilium
766 2281 852 2344 tulit:
877 2300 1017 2363 namque
1032 2283 1102 2345 eius
1118 2283 1258 2346 adventu

188 2386 296 2450 hostes
320 2388 544 2465 constiterunt,
572 2387 672 2450 nostri
696 2405 729 2450 se
753 2405 794 2449 ex
818 2389 930 2451 timore
954 2396 1152 2470 receperunt.
1193 2409 1288 2470 quoa

187 2493 269 2557 facto
294 2492 334 2555 ad
357 2493 577 2557 lacessendum
604 2495 728 2558 hostem
755 2499 786 2558 et
814 2495 1076 2559 committendum
1099 2496 1256 2577 proelium

162 2600 331 2664 salienum
354 2620 422 2665 esse
446 2605 571 2684 tempus
600 2601 770 2665 arbitratus
797 2622 855 2665 suo
879 2622 912 2665 se
940 2603 1010 2667 loco
1039 2604 1197 2667 continuit
1225 2608 1258 2666 et

187 2707 278 2771 brevi
301 2713 444 2791 tempore
467 2709 648 2772 intermisso
672 2710 705 2770 in
730 2714 833 2773 castra
846 2709 988 2792 legiones
1003 2711 1140 2773 reduxit.
1179 2709 1254 2773 dum
1269 2737 1289 2778 s

187 2815 265 2879 haec
293 2821 464 2897 geruntur,
496 2817 612 2878 nostris
646 2815 794 2879 omnibus
828 2819 988 2900 occupatis
1022 2819 1077 2899 qui
1105 2822 1194 2881 erant
1221 2818 1255 2878 in

189 2923 271 3004 agris
299 2920 415 3005 reliqui
444 2922 665 2986 discesserunt.
717 2928 843 2986 secutae
872 2928 948 2986 sunt
975 2926 1142 2987 continuos
1170 2945 1255 2987 com·
1269 2951 1290 2991 r.

188 3027 295 3111 plures
319 3027 387 3092 dies
408 3033 624 3112 tempestates,
648 3049 728 3112 quae
753 3035 784 3093 et
806 3036 931 3094 nostros
959 3032 992 3093 in
1017 3033 1128 3094 castris
1156 3033 1256 3094 conti-

153 3151 176 3193 ro
188 3142 302 3200 nerent
324 3141 357 3200 et
378 3136 502 3199 hostem
530 3157 549 3198 a
575 3157 682 3219 pugna
709 3136 920 3220 prohiberent.
971 3140 1100 3201 iuterim
1127 3138 1288 3205 barbaris

187 3243 317 3307 nuntios
341 3244 375 3305 in
400 3262 510 3306 omnes
532 3249 638 3326 partes
655 3243 844 3307 dimiserunt
858 3247 1116 3328 paucitatemque
1132 3252 1256 3309 nostro-

188 3371 258 3413 rum
286 3351 427 3414 militum
454 3351 521 3413 suis
548 3351 813 3433 praedicaverunt
840 3356 871 3415 et
900 3358 1019 3435 quanta
1047 3354 1183 3436 praedae
1209 3350 1257 3414 fa-

188 3457 317 3520 ciendae
341 3462 435 3539 atque
458 3459 493 3520 in
516 3463 704 3541 perpetuum
727 3460 777 3525 sui
793 3459 952 3523 liberandi
967 3459 1100 3523 facultas
1117 3460 1259 3540 daretur7

204 3722 208 3726 ι
241 3712 242 3716 ’
273 3687 320 3742 33.
340 3686 570 3740 4insinuaue1int
596 3684 768 3756 QbB²M²9f2
808 3688 817 3752 ΗΗ
857 3704 918 3741 cum
942 3704 971 3741 so
1052 3688 1258 3741 insinuauerunt

187 3775 234 3828 dcl.
255 3775 427 3830 Sobombucb
458 3776 467 3843 ΗΗ
499 3777 568 3829 box
588 3793 618 3842 u3
642 3778 720 3829 etex
740 3775 774 3846 pf
801 3778 809 3845 ΗΗ
841 3777 953 3845 podibus
973 3796 1002 3843 ας
1026 3777 1165 3844 ρθάἰῒθεβ
1195 3778 1204 3844 Η
1237 3779 1258 3830 b

186 3863 294 3931 paulum
311 3872 328 3932 β
360 3865 368 3933 ΗΗ
400 3871 444 3932 opt
475 3869 483 3932 ΗΗ
516 3880 608 3918 currus
629 3883 658 3932 ας
678 3872 736 3931 sept
768 3867 776 3929 Η
802 3862 843 3919 '10
855 3869 914 3932 utp
946 3867 954 3933 ΗΗ
988 3868 1020 3918 13
1034 3866 1177 3919 consistere
1196 3866 1225 3918 c¹
1245 3864 1259 3935 ΗΗ

185 3953 243 4006 inde
263 3961 327 4021 sept

270 4043 317 4098 34.
338 4046 352 4096 1
372 4044 490 4097 nouitate
509 4060 612 4112 pugnae
634 4044 684 4096 dcl.
704 4044 794 4111 Krcff.
832 4045 840 4112 ΗΗ
877 4047 893 4097 3
918 4061 952 4097 ex
975 4045 1069 4097 timore
1093 4060 1121 4097 se
1145 4043 1199 4113 pf²;
1224 4060 1258 4096 sc

184 4148 234 4184 oms.
254 4132 301 4199 afl
333 4133 341 4202 ΗΗ
373 4133 512 4186 lhostem
530 4140 559 4200 β;
579 4150 630 4185 om..
652 4151 669 4182 a
702 4135 709 4202 ΗΗ
742 4135 815 4200 etp3
835 4135 913 4187 etad
932 4153 949 4184 a
982 4133 989 4200 ΗΗ
1021 4134 1046 4187 8.
1067 4134 1083 4186 9
1103 4134 1160 4186 dies
1179 4149 1257 4186 com-

184 4219 307 4288 pluresfl
339 4221 347 4289 ΗΗ
381 4221 414 4274 12
433 4224 580 4291 quantaep
