2924 4808
236 276 255 336 8
627 288 733 341 BELLI
751 288 894 343 GALLIOI

234 471 307 515 oum
329 453 510 535 legionibus
541 452 643 514 tribus
670 470 687 514 e
711 452 821 514 castris
843 453 1003 535 profectus
1027 453 1066 514 ad
1090 442 1160 516 ea'm
1182 457 1305 535 partem

207 561 394 643 epervenit‚
420 579 501 641 quae
524 559 669 621 nondum
691 557 813 621 flumen
837 561 1012 622 transierat.
1057 578 1111 622 eos
1134 558 1304 642 impeditos

235 672 267 731 et
288 668 491 750 inopinantes
515 666 683 748 adgressus
706 685 855 748 magnam
878 671 1000 749 partem
1024 684 1132 728 eorum
1150 667 1346 746 concidit31o

234 774 351 855 reliqui
384 793 453 836 sese
485 773 579 857 fugae
610 772 804 835 mandarunt
832 777 928 853 atque
956 773 990 835 in
1018 774 1179 856 proximas
1207 773 1304 839 silvas

207 881 433 944 rabdiderunt.
478 881 506 942 is
529 898 629 962 pagus
653 879 870 961 appellabatur
892 879 1077 961 Tigurinus3
1101 899 1177 941 nam
1201 881 1304 942 omnis

208 989 347 1052 scivitas
370 986 519 1049 Helvetia
546 987 580 1047 in
609 990 758 1066 quattuor
780 1005 878 1069 pagos
902 986 1082 1049 divisa-est.
1128 987 1180 1048 hio
1203 1006 1304 1070 pagus

235 1113 333 1174 unus,
362 1113 435 1156 cum
459 1092 553 1155 domo
578 1093 707 1172 exisset,
735 1098 862 1175 patrum
885 1098 1067 1155 nostrorum
1093 1095 1248 1155 memoria
1269 1077 1303 1156 L

237 1201 379 1264 Cassium
417 1199 581 1263 consulem
617 1200 818 1262 interfecerat
855 1206 886 1262 et
922 1201 992 1263 eius
1029 1201 1206 1263 exercitum
1243 1200 1302 1263 sub
1318 1223 1345 1264 15

209 1309 348 1389 siugum
375 1308 513 1370 miserat.
560 1307 603 1368 ita
631 1307 698 1368 sive
727 1326 803 1370 casu
832 1307 899 1369 sive
928 1307 1060 1369 consilio
1089 1307 1222 1369 deorum
1244 1309 1304 1369 im·

234 1414 418 1476 mortalium
442 1432 523 1494 quac
546 1433 620 1496 pars
643 1414 779 1475 civitatis
802 1412 968 1476 Helvetiae
993 1415 1152 1496 insignem
1175 1414 1303 1476 calami-

235 1527 332 1584 tatem
359 1521 476 1604 populo
501 1521 645 1583 Romano
674 1519 837 1600 intulerat,
862 1539 899 1582 ea
921 1520 1069 1603 princeps
1091 1539 1211 1603 poenas
1233 1540 1303 1603 per-

208 1629 338 1693 rsolvit.
386 1629 505 1709 quain
529 1647 563 1690 re
584 1627 699 1709 Caesar
721 1646 786 1689 non
810 1627 914 1689 solum
937 1626 1094 1709 publicaS,
1123 1628 1179 1691 sed
1208 1629 1303 1690 etiam

235 1737 373 1818 privatas
400 1735 537 1797 iniurias
564 1735 650 1797 ultus
679 1739 739 1814 est,
768 1733 853 1814 quod
881 1735 950 1796 eius
978 1735 1080 1797 soceri
1106 1733 1140 1796 L.
1174 1734 1303 1797 Pisonis
1317 1755 1345 1798 ao

236 1862 343 1924 avum,
367 1841 400 1904 L.
425 1842 576 1905 Pisonem
598 1841 751 1923 legatum,
773 1841 916 1922 Tigurini
940 1841 1052 1903 eodem
1075 1840 1209 1923 proelio,
1239 1861 1302 1922 quo

237 1947 395 2030 Cassium,
418 1948 650 2011 interfecerant.

182 2069 218 2124 13
323 2055 395 2119 Hoc
413 2055 533 2139 proelio
552 2054 634 2118 facto
654 2055 793 2136 reliquas
813 2057 918 2138 copias
932 2053 1155 2118 Helvetiorum
1173 2061 1210 2118 ut
1229 2075 1330 2118 con-1

236 2165 328 2244 sequi
350 2168 469 2246 posset,
492 2167 622 2245 pontem
645 2162 680 2222 in
703 2162 799 2223 Arari
821 2161 1004 2224 faciendum
1028 2167 1118 2224 curat
1141 2167 1236 2243 atque
1259 2164 1304 2226 ita

209 2271 412 2334 nexercitum
436 2270 580 2332 traducit.
617 2268 759 2332 Helvetii
777 2271 942 2351 repentino
967 2270 1035 2332 eius
1059 2270 1198 2331 adventu
1218 2288 1303 2332 eom-

235 2378 312 2439 moti
341 2396 415 2439 cum
441 2377 487 2458 id,
521 2377 607 2456 quod
633 2377 695 2459 ipsi
725 2375 835 2438 diebus
862 2376 930 2439 XX
957 2377 1131 2459 aegerrime
1159 2376 1302 2438 confece—
1367 2444 1368 2447 Ἴ

235 2488 320 2564 rant,
349 2489 385 2546 ut
406 2482 526 2545 flumen
550 2484 733 2564 transirent,
760 2483 852 2545 illum
875 2503 940 2545 uno
965 2483 1016 2545 die
1043 2483 1155 2546 fecisse
1178 2482 1329 2546 intelle-5

236 2594 360 2672 gerent,
387 2590 507 2673 legatos
536 2590 574 2651 ad
604 2609 677 2652 eum
706 2591 848 2666 mittunt;
878 2591 970 2652 cuius
997 2589 1165 2672 legationis
1188 2587 1302 2652 Divico

236 2697 383 2779 princeps
406 2697 479 2778 fuit,
503 2699 560 2778 qui
582 2696 666 2758 bello
691 2694 847 2758 Cassiano·
861 2696 928 2758 dux
946 2695 1170 2759 Helvetiorum
1192 2697 1302 2759 fuerat.

208 2804 263 2866 eis
286 2805 331 2866 ita
354 2823 426 2865 cum
447 2802 580 2866 Caesare
599 2804 678 2885 egit:
704 2803 730 2864 si
753 2821 864 2885 pacem
886 2803 1024 2885 populus
1042 2804 1205 2866 Romanus
1230 2821 1303 2865 cum

236 2908 393 2972 Helvetiis
415 2909 544 2989 faceret,
569 2911 604 2971 in
632 2929 702 2972 eam
725 2915 846 2991 partem
869 2911 969 2972 ituros
992 2915 1087 2991 atque
1110 2911 1157 2973 ibi
1179 2911 1302 2973 futuros

236 3015 413 3095 Helvetios,
436 3016 494 3078 ubi
517 3035 570 3078 eos
594 3014 709 3080 Caesar
732 3018 948 3080 constituisset
971 3023 1067 3098 atque
1091 3036 1159 3080 esse
1183 3017 1344 3079 voluis-10

208 3128 299 3201 rset3
323 3125 372 3186 siu
395 3123 479 3185 bello
502 3125 651 3206 persequi
668 3130 899 3206 perseveraret,
922 3125 1180 3187 reminisceretur
1199 3129 1230 3187 ct
1248 3143 1302 3186 ve-

236 3231 312 3292 teris
335 3231 528 3292 incommodi
552 3230 662 3312 populi
686 3230 822 3292 Romani
846 3235 877 3292 et
899 3232 1050 3312 pristinae
1076 3232 1201 3293 virtutis
1224 3230 1303 3293 Hel-

209 3337 400 3398 svetiorum.
449 3336 535 3418 quod
562 3337 733 3417 improviso
764 3356 866 3399 unum
897 3357 1015 3418 pagum
1048 3338 1177 3399 adortus
1210 3343 1302 3419 esset,

237 3460 310 3504 cum
337 3444 373 3523 ii,
402 3443 459 3523 qui
485 3441 607 3504 flumen
629 3445 829 3524 transissent,
857 3445 923 3504 suis
951 3443 1109 3507 auxilium
1131 3443 1214 3507 ferre
1237 3462 1302 3506 nou

235 3554 375 3631 possent,
412 3567 453 3610 nc
487 3549 526 3611 ob
560 3569 629 3611 eam
662 3569 730 3612 rem
767 3555 822 3612 aut
853 3569 929 3612 suae
966 3570 1156 3633 magnopere
1189 3552 1303 3614 virtuti
1318 3571 1343 3613 15

235 3720 448 3727 ——-—-.

326 3833 359 3887 10
383 3848 473 3886 eorum
496 3837 598 3900 partem
622 3851 644 3884 π
693 3832 700 3903 ll
746 3835 777 3885 11
803 3850 831 3887 se
855 3852 877 3885 π
923 3833 931 3905 ll
976 3835 1003 3886 in
1025 3836 1152 3903 proximis
1176 3835 1251 3887 siluis
1275 3854 1302 3905 (³3

235 3922 263 3973 in
282 3922 364 3975 siluas
383 3922 517 3990 proximas
536 3941 558 3973 π
594 3921 602 3993 ll
640 3923 673 3975 13
693 3925 817 3990 quattuor
834 3926 923 3990 partes
942 3923 986 3976 uel
1001 3939 1081 3993 pagos
1101 3943 1122 3975 π
1158 3923 1166 3994 ll
1204 3927 1245 3977 est
1263 3925 1303 3977 di-

235 4010 294 4063 uisa
312 4029 334 4062 π
370 4009 378 4081 ll
416 4012 457 4064 16.
479 4013 511 4062 11
530 4011 709 4064 inmortalium
729 4013 838 4065 deorum
857 4031 879 4064 π

238 4165 241 4173 ,
324 4118 369 4172 13.
390 4118 406 4170 2
424 4118 492 4170 arari
510 4136 539 4184 u3
558 4134 632 4171 arare
651 4118 681 4170 X
715 4118 723 4190 11
759 4119 848 4188 8egit
867 4139 901 4186 τις
926 4120 986 4189 egit.
1020 4119 1110 4187 Legati
1129 4119 1160 4172 ab
1179 4119 1303 4172 heluetiis

235 4205 268 4258 ad
288 4222 422 4258 caesaram
441 4206 522 4260 missi.
551 4223 642 4275 paceni
662 4209 781 4275 petitum.
811 4226 872 4262 eum
891 4209 1087 4262 denuntiatione
1106 4209 1213 4260 terroris
1233 4228 1267 4277 op
