2924 4808
190 257 253 318 134
445 327 447 330 Α
587 272 693 326 BELLI
711 271 853 326 GALLICI

187 434 258 516 peio
281 435 471 516 proconsule
494 436 585 517 petit,
615 436 765 516 quoniam
794 436 861 518 ipse
890 436 930 498 ad
953 435 1066 498 urbem
1094 454 1168 498 curn
1196 436 1256 497 im-

187 541 275 623 perio
303 542 351 603 rei
377 540 524 624 publicae
557 561 653 605 causa
680 547 870 625 remaneret,
905 560 985 623 quos
1017 560 1058 604 ex
1092 541 1284 625 Cisalpinae

188 646 289 710 Gallia
312 648 425 711 consul
448 653 646 712 sacramento
669 654 823 732 rogasset,
848 648 888 710 ad
912 649 1003 733 signa
1027 649 1201 712 convenire
1225 654 1258 712 et

159 754 227 820 aad
259 775 292 818 se
324 755 483 838 proficisci
510 756 646 836 iuberet,
679 757 786 839 magni
814 757 966 819 interesse
995 756 1091 818 etiam
1119 755 1155 818 in
1182 756 1257 818 reli-

188 880 287 942 quum
320 875 445 945 tempus
478 863 518 925 ad
551 864 734 946 opinionem
767 862 888 927 Galliae
926 863 1114 925 existimaus
1152 867 1257 925 tantas

186 968 288 1031 videri
312 969 422 1032 ltaliae
445 969 624 1051 facultates,
648 975 696 1051 ut,
720 970 748 1032 si
773 970 850 1052 quid
874 974 957 1032 esset
985 969 1021 1031 in
1048 968 1130 1031 bello
1160 969 1257 1032 detri-

185 1076 287 1138 menti
311 1082 487 1159 aceeptum,
511 1095 576 1138 non
600 1075 694 1139 modo
719 1076 752 1138 id
774 1076 865 1139 brevi
887 1081 1029 1158 tempore
1053 1076 1175 1157 sarciri,
1200 1075 1257 1138 sed
1273 1099 1297 1140 ro

158 1183 281 1246 retiam
308 1183 483 1246 maioribus
511 1185 620 1266 augeri
649 1183 748 1265 copiis
780 1188 893 1265 posset.
946 1181 1031 1263 quod
1060 1202 1133 1245 eum
1161 1180 1258 1244 Pom-

185 1290 278 1372 peius
302 1294 333 1351 et
355 1290 403 1352 rei
426 1289 572 1372 publicae
597 1295 628 1353 et
644 1289 804 1353 amicitiae
820 1289 995 1371 tribuisset,
1020 1289 1164 1353 celeriter
1181 1309 1257 1352 con-

185 1396 267 1459 fecto
299 1416 356 1479 per
388 1415 463 1459 suos
501 1397 619 1460 dilectu
651 1396 753 1460 tribus
785 1401 857 1460 ante
886 1401 1032 1460 exactam
1060 1396 1196 1459 hiemem
1226 1401 1258 1458 et

187 1504 365 1565 constitutis
389 1508 421 1566 et
444 1503 589 1567 adductis
612 1502 792 1586 legionibus
816 1503 1042 1585 duphcatoque
1070 1520 1180 1565 earum
1204 1521 1257 1565 co-

187 1609 326 1672 hortium
349 1629 496 1694 numer0,
522 1630 697 1692 quoscum
722 1608 756 1684 Q.
779 1609 900 1673 Titurio
926 1611 1085 1692 amiserat,
1114 1615 1145 1672 et
1174 1610 1297 1674 cele-15

186 1717 278 1780 ritate
312 1722 343 1780 et
376 1719 475 1801 copiis
509 1718 630 1799 docuit,
666 1719 744 1800 quid
776 1718 886 1800 populi
918 1715 1055 1780 Romani
1087 1717 1257 1799 disciplina

186 1829 280 1904 atque
305 1844 380 1906 opes
403 1830 539 1907 possent.

150 1941 168 1995 2
275 1930 445 1995 Interfecto
461 1931 693 2014 Indutiomaro,
718 1936 755 1994 ut
778 1931 957 2014 docuimus,
982 1931 1022 1993 ad
1041 1932 1111 1994 eius
1126 1933 1283 2014 propin-r

188 2056 266 2118 quos
290 2058 308 2098 a
330 2037 476 2102 Treveris
499 2039 670 2121 imperium
694 2038 839 2102 defertur
886 2037 935 2100 illi
953 2037 1107 2101 finitimos
1124 2039 1256 2102 Germa-

159 2162 245 2213 2nos
269 2144 438 2208 sollicitare
468 2151 498 2208 et
521 2147 689 2227 pecuniam
713 2145 855 2228 polliceri
877 2164 942 2208 non
967 2145 1133 2207 desistunt.
1181 2165 1256 2208 cum

186 2271 205 2312 a
236 2252 394 2333 proximis
425 2253 595 2335 impetrare
627 2271 691 2314 non
724 2257 865 2335 possent,
894 2252 1062 2314 ulteriores
1091 2257 1255 2334 temptant.

186 2358 326 2422 inventis
348 2379 416 2422 non
438 2359 537 2422 nullis
560 2359 741 2422 civitatibus
765 2360 833 2422 iure
857 2359 991 2421 iurando
1014 2360 1098 2421 inter
1121 2378 1154 2422 se
1179 2378 1283 2421 eon-5

184 2463 314 2528 firmant
337 2465 566 2547 obsidibusque
591 2466 630 2529 de
652 2467 789 2548 pecunia
804 2470 931 2544 cavent,
956 2463 1177 2548 Ambiorigem
1193 2465 1255 2528 sibi

157 2573 335 2658 esoeietate
359 2579 390 2635 et
412 2573 537 2636 foedere
554 2572 739 2655 adiungunt.
780 2572 896 2652 quibus
912 2572 1008 2636 rebus
1025 2574 1159 2655 coguitis
1176 2573 1255 2637 an-

186 2698 248 2760 sar,
272 2698 346 2741 cum
368 2679 512 2760 undique
537 2678 655 2741 bellurn
684 2679 787 2762 parari
815 2658 950 2760 videret,
978 2679 1125 2762 Nervios,
1152 2681 1255 2742 Atua-

187 2791 289 2867 tucos,
313 2784 477 2868 Menapios
502 2787 659 2849 adiunetis
683 2785 887 2849 Cisrhenanis
911 2785 1059 2848 omnibus
1084 2785 1254 2851 Germanis

187 2911 255 2955 esse
278 2893 313 2954 in
338 2894 445 2975 armis,
471 2892 612 2956 Senones
636 2893 676 2955 ad
697 2895 887 2975 imperatum
909 2911 975 2954 non
990 2894 1101 2956 venire
1125 2899 1156 2957 et
1179 2914 1254 2957 cum
1269 2913 1294 2955 10

187 2998 381 3062 Carnutibus
403 2998 610 3082 finitimisque
639 2999 820 3063 civitatibus
848 2999 981 3062 consilia
1009 3001 1254 3083 communicare,

186 3124 204 3166 a
226 3106 370 3169 Treveris
395 3105 569 3170 Germanos
598 3107 716 3170 crebris
743 3106 956 3189 legationibus
985 3105 1160 3190 sollicitari,
1188 3128 1254 3170 ma-

145 3229 168 3284 3
187 3213 289 3274 turios
313 3212 373 3276 sibi
398 3212 436 3274 de
459 3213 542 3276 bello
567 3213 772 3297 cogitandum
794 3215 926 3295 putavit.
973 3211 1086 3294 Itaque
1108 3213 1279 3277 nondumr

187 3317 290 3380 hieme
314 3319 455 3382 confecta
478 3322 632 3402 proximis
647 3320 714 3384 IIII
738 3321 854 3383 coactis
876 3321 1057 3404 legionibus
1081 3320 1119 3384 de
1135 3321 1254 3404 impro-

156 3425 255 3493 2riso
279 3426 314 3486 in
336 3423 417 3489 fines
440 3426 631 3490 Nerviorum
655 3428 819 3490 contendit
842 3432 885 3510 et,
908 3429 998 3510 prius
1023 3448 1119 3509 quam
1134 3428 1183 3491 illi
1199 3433 1254 3491 aut

186 3532 359 3595 convenire
395 3537 448 3595 aut
479 3533 647 3617 profugere
678 3539 819 3617 possent,
852 3555 967 3618 magno
986 3519 1124 3618 ¹peeoris
1158 3540 1254 3618 atque

274 3744 386 3811 4petiit
408 3744 467 3797 HM
499 3743 507 3815 ΗΗ
544 3746 765 3813 bremanebatd
806 3744 813 3817 ΗΗ
856 3745 984 3800 dconsul
1007 3746 1111 3814 Oeace,
1136 3745 1253 3800 consulis

185 3832 215 3883 X
249 3831 257 3903 ΗΗ
294 3834 440 3901 rogauissot
459 3854 476 3885 a
513 3833 520 3904 ΗΗ
559 3834 592 3888 10
610 3834 732 3887 resarciri
751 3855 768 3886 a
805 3834 813 3907 ΗΗ
852 3837 882 3887 11
904 3835 994 3904 augeri
1013 3835 1056 3902 αἶς
1081 3836 1206 3904 adaugeri
1224 3842 1252 3903 sti

185 3938 276 3974 acerrae
295 3923 416 3975 dolend?
452 3922 460 3994 ΗΗ
499 3925 532 3976 13
551 3923 657 3976 hiemen
680 3923 740 3987 eea

274 4012 302 4065 2.
324 4014 336 4064 1
356 4012 444 4066 induc.
459 4012 498 4081 χΗ
530 4011 538 4084 ΗΗ
575 4013 716 4066 2treuiris
734 4031 770 4084 pa
805 4013 813 4086 ΗΗ
850 4015 918 4068 dab
938 4034 955 4066 a
992 4013 1000 4085 ΗΗ
1037 4015 1103 4068 llac
1116 4014 1252 4084 menapios

187 4119 204 4150 a
249 4099 257 4171 ΗΗ
305 4101 338 4154 10
361 4110 512 4169 senonasss
557 4100 565 4173 ΗΗ
613 4105 643 4155 11
669 4104 819 4157 carnotibus
843 4123 864 4155 π
910 4103 918 4175 ΗΗ
964 4104 998 4156 12
1021 4103 1053 4156 ab
1073 4121 1106 4170 ης
1130 4103 1177 4157 abs
1202 4123 1217 4174 ρ
1244 4101 1253 4175 ΗΗ

186 4190 291 4242 treuiris
311 4208 345 4260 ρα
