2924 4808
467 304 614 359 LIBERI.
635 304 709 358 ΟΔΡ.
730 305 852 358 37-39.
1149 289 1190 350 25

122 486 183 551 que
211 465 382 531 itineribus
410 467 575 531 contendit
607 472 824 551 occupatoque
853 467 967 549 oppido
1001 467 1047 530 ibi
1074 468 1191 550 praesi-

122 575 211 637 dium
235 574 388 650 conlocat.

92 706 104 747 1
208 681 296 744 Dum
324 701 442 765 paucos
470 680 538 743 dies
567 680 606 743 ad
633 681 864 744 Vesontionem
892 682 938 743 rei
965 681 1191 744 frumentariae
1209 688 1246 741 39

121 795 380 869 commeatusque
401 807 498 850 causa
513 792 665 870 moratur,
690 806 731 850 ex
746 789 985 870 percontatione
1008 793 1191 850 nostrorum

120 897 319 977 vocibusque
343 895 508 958 Gallorum
532 914 569 957 ac
592 899 817 975 mercatorum,
844 895 900 977 qui
922 895 1045 977 ingenti
1068 896 1191 977 magni-

121 1004 234 1066 tudine
258 1021 426 1084 corporum
444 1001 633 1078 Germanos
656 1001 839 1065 incredibili
856 1002 973 1064 virtute
989 1007 1084 1083 atquc
1101 1020 1191 1065 exer-

90 1111 269 1174 scitatione
293 1109 327 1170 in
346 1109 443 1170 armis
462 1126 531 1171 esse
546 1107 786 1190 praedicabant,
804 1145 843 1152 -
862 1126 1104 1190 saepenumero
1122 1127 1189 1171 sese

120 1236 193 1279 oum
217 1217 266 1279 his
290 1232 476 1298 congressos
499 1234 539 1278 ne
555 1215 681 1277 vultum
703 1213 833 1296 quidem
849 1218 945 1296 atque
965 1215 1067 1276 aciem
1084 1216 1191 1277 oculo-

119 1343 191 1386 rum
209 1323 357 1387 dicebant
371 1322 453 1385 ferre
470 1322 625 1404 potuisse,
642 1359 683 1367 —-
708 1326 815 1384 tantus
831 1320 936 1384 subito
953 1322 1048 1384 timor
1064 1341 1190 1386 omnem

120 1431 298 1493 exercitum
321 1430 501 1512 occupavit,
527 1435 650 1491 utnon
673 1429 877 1492 mediocriter
900 1430 1043 1490 omnium
1067 1433 1191 1492 mentes

119 1538 307 1617 animosque
330 1535 536 1618 perturbaret.
583 1535 634 1598 hic
658 1536 796 1617 primum
826 1541 913 1597 ortos
941 1540 989 1598 est
1012 1555 1030 1597 a
1052 1536 1218 1599 tribunisa

77 1666 105 1706 10
119 1645 272 1723 militum,
304 1643 470 1726 praefectis
502 1642 715 1724 reliquisque,
754 1644 810 1723 qui
843 1661 885 1705 ex
918 1642 996 1705 urbe
1032 1643 1190 1706 amicitiae

119 1770 216 1814 causa
240 1749 407 1814 Caesarem
431 1751 532 1813 secuti
556 1769 620 1811 non
643 1769 796 1832 magnum
826 1751 859 1811 in
883 1768 917 1811 re
940 1749 1071 1811 militari
1094 1770 1190 1812 usum

119 1857 291 1921 habebant:
322 1876 459 1939 quorum
487 1857 569 1920 alius
597 1857 660 1918 alia
683 1875 780 1919 causa
802 1857 913 1936 inlata,
944 1877 1041 1938 quam
1064 1856 1123 1919 sibi
1150 1856 1218 1918 ade

118 1963 385 2048 proficiscendum
408 1964 619 2026 necessariam
644 1983 712 2027 esse
737 1963 870 2044 diceret,
893 1963 1032 2047 petebat,
1060 1968 1098 2025 ut
1120 1965 1190 2026 eius

119 2071 283 2134 voluntate
308 2071 471 2134 discedere
495 2070 618 2147 liceret3
643 2089 709 2134 non
731 2070 814 2132 nulli
838 2070 960 2152 pudore
984 2070 1125 2152 adducti,
1155 2077 1191 2133 ut

79 2198 106 2239 15
120 2179 243 2240 timoris
268 2179 482 2259 suspicionem
504 2178 654 2258 vitarent,
677 2176 894 2240 remanebant.
941 2177 974 2238 hi
997 2197 1103 2259 neque
1118 2180 1217 2240 vul-4

119 2289 186 2347 tum
220 2284 340 2367 fingere
371 2303 477 2364 neque
514 2284 676 2347 interdum
713 2283 860 2346 lacrimas
892 2289 999 2347 tenere
1030 2289 1187 2370 poterant:

120 2391 219 2454 abditi
246 2393 281 2452 in
308 2390 521 2454 tabernaculis
550 2397 604 2453 aut
632 2410 727 2454 suum
758 2391 860 2453 fatum
888 2390 1104 2471 querebantur
1136 2396 1189 2454 aut

120 2518 192 2561 cum
216 2497 428 2561 familiaribus
456 2499 522 2561 suis
551 2517 720 2561 commune
744 2497 923 2579 periculum
946 2496 1187 2560 miserabantur.

121 2605 227 2688 [vulgo
252 2606 327 2668 totis
348 2606 458 2668 castris
478 2610 668 2668 testamenta
684 2604 956 2688 obsignabantur]
1003 2604 1118 2667 borum
1133 2624 1215 2667 vos

83 2728 108 2770 ao
121 2712 211 2776 cibus
234 2731 271 2775 ac
294 2713 406 2775 timore
430 2712 584 2794 paulatim
609 2713 703 2774 etiam
726 2712 752 2773 ii
776 2713 832 2794 qui
847 2731 999 2795 magnum
1022 2712 1188 2775 incastris

120 2839 214 2883 usum
243 2818 403 2882 habebant
430 2818 548 2882 milites
581 2820 848 2899 centurionesque
882 2820 1002 2900 quique
1031 2820 1188 2898 equitatui

121 2932 286 3008 praeerant
312 2925 588 3008 perturbabantur.
636 2927 693 3008 qui
721 2945 754 2988 se
783 2945 825 2988 ex
852 2926 902 2988 bis
930 2927 1036 2989 minus
1060 2926 1216 2989 timidose

121 3034 296 3095 existimari
319 3032 481 3110 volebant,
508 3051 573 3095 non
597 3050 631 3094 se
655 3033 778 3095 hostem
801 3033 916 3112 vereri,
945 3031 1001 3094 sed
1025 3034 1188 3115 angustias

120 3140 242 3202 itineris
259 3144 289 3202 et
304 3139 556 3222 magnitudinem
573 3139 738 3216 silvarum,
756 3158 837 3220 quae
852 3138 1087 3202 intercederent
1105 3140 1190 3202 inter

17 3282 20 3289 ,
85 3247 204 3329 seipsos
233 3251 328 3327 atque
350 3247 561 3326 Ariovistum,
591 3251 647 3308 aut
673 3264 741 3307 rem
768 3245 1022 3325 frumentariam,
1051 3252 1086 3308 ut
1113 3248 1189 3309 satis

121 3353 284 3417 commode
316 3354 496 3435 supportari
527 3358 646 3435 posset,
680 3354 790 3416 timere
816 3352 971 3415 dicebant.
1018 3371 1084 3415 non
1107 3354 1215 3416 nullir

122 3461 217 3522 etiam
251 3459 378 3522 Caesari
412 3459 614 3537 nuntiabant,
648 3478 723 3521 cum
755 3466 856 3522 castra
879 3460 1002 3522 moveri
1035 3479 1071 3522 ac
1098 3461 1189 3542 signa

207 3654 254 3708 39.
276 3654 289 3704 1
310 3653 383 3705 Dum
402 3671 432 3718 ας
451 3652 520 3706 ¹Cum
539 3651 601 3718 B²p
638 3651 645 3723 ΗΗ
683 3652 789 3714 band·
808 3653 840 3705 ab
852 3660 869 3719 β
905 3651 913 3723 ΗΗ
952 3655 983 3705 11
998 3670 1048 3706 non
1062 3669 1188 3722 magnum

120 3742 183 3809 MS,
202 3759 330 3810 magnum
353 3741 500 3810 periculum
525 3742 728 3810 miserabantur,
754 3743 824 3810 quod
847 3758 899 3794 nen
923 3759 1048 3810 magnum
1061 3750 1111 3811 χβς
1135 3758 1187 3795 non

120 3848 245 3901 magnum
273 3830 421 3900 periculum
451 3831 643 3884 miserabantur
669 3830 711 3883 Bl
747 3829 755 3901 ΗΗ
794 3831 827 3884 18
858 3831 1051 3884 miserebantur
1077 3831 1143 3884 A¹rr
1179 3829 1188 3901 ΗΗ
1255 3842 1257 3847 ’

122 3921 153 3975 19
167 3920 524 3989 vulgo...0bsignabantur
537 3920 587 3973 olel.
603 3921 677 3973 Paul
713 3918 722 3990 ΗΗ
759 3920 793 3973 20
811 3920 829 3972 ii
844 3920 882 3973 ecl.
898 3922 924 3986 13
943 3920 972 3972 hi
990 3919 1021 3972 X
1045 3919 1053 3991 ΗΗ
1085 3921 1116 3972 21
1129 3920 1187 3988 qui-

121 4009 258 4078 queB²p3
278 4009 439 4077 utquisque
459 4029 476 4060 a
513 4007 521 4080 ΗΗ
559 4009 720 4076 areauna
740 4027 792 4062 om.
813 4029 830 4060 a
867 4008 875 4080 ΗΗ
913 4009 954 4061 24,
975 4010 1008 4063 ‘25
1023 4026 1091 4078 quae
1105 4009 1187 4063 inter·

122 4101 242 4153 cederent
265 4098 334 4151 inter·
352 4098 424 4165 ipsos
443 4101 523 4166 atque
546 4098 701 4151 arionistum
725 4117 754 4164 a,
779 4115 846 4166 quae
868 4099 1001 4151 intereos
1021 4098 1187 4166 atquearic-

122 4189 218 4242 uistum
229 4180 494 4253 intercederentfflp
531 4186 539 4258 Η
577 4187 609 4240 27
629 4186 787 4240 nuntiabant
804 4188 843 4240 cd.
863 4189 891 4253 13
909 4186 1097 4240 renuntiabant
1114 4187 1187 4256 B⁹pl3

122 4278 272 4331 nuntiarant
291 4295 309 4327 α
757 4281 759 4286 “
