2924 4808
199 259 244 321 90
602 271 709 325 BELLI
728 271 870 326 GALLIOI

167 462 187 503 a
201 437 326 500 ancoris
358 436 546 518 expectavit.
597 435 726 499 interim
757 435 869 518 legatis
897 434 1098 518 tribunisque
1130 435 1271 498 militum

200 544 383 606 convocatis
407 547 438 605 et
461 561 542 624 quae
566 562 608 606 ex
630 542 799 626 Voluseno,
819 542 1018 623 cognovisset
1042 547 1072 606 et
1094 561 1175 624 quae
1199 541 1271 605 fieri

200 651 297 713 vellet
320 650 458 714 ostendit
480 650 681 732 monuitque,
708 654 745 711 ut
767 650 814 713 rei
837 649 985 713 militaris
1008 650 1102 730 ratio,
1129 650 1270 712 maxime

201 762 237 821 ut
261 757 437 820 maritimae
460 776 510 820 res
533 757 743 839 postularent,
771 761 806 819 ut
830 776 911 838 quae
935 757 1072 821 celerem
1096 761 1192 839 atque
1220 758 1269 819 in·
1284 780 1310 822 ra

199 864 347 926 stabilem
370 867 493 927 motum
515 862 680 943 haberent,
704 863 744 925 ad
767 868 882 927 nutum
906 869 937 927 et
960 864 1000 926 ad
1016 869 1142 945 tempus
1160 881 1270 927 omnes

168 989 252 1034 cres
281 970 320 1032 ab
348 972 388 1033 iis
416 971 721 1034 administrarentur.
773 971 823 1034 his
852 971 991 1034 dimissis
1020 976 1051 1034 et
1078 975 1209 1033 ventum
1239 975 1271 1033 et

199 1082 324 1140 aestum
343 1096 408 1140 uno
425 1082 565 1160 tempore
581 1082 693 1140 nactus
709 1078 888 1141 secundum
911 1077 983 1141 dato
1008 1077 1100 1160 signo
1117 1082 1149 1140 et
1164 1076 1270 1140 subla-

200 1184 240 1246 tis
273 1185 397 1247 ancoris
426 1184 552 1247 circiter
579 1184 668 1246 milia
694 1203 848 1266 passuum
869 1184 934 1247 VH
966 1185 1005 1247 ab
1035 1203 1071 1247 eo
1098 1184 1169 1246 loco
1197 1202 1270 1265 pro-

139 1304 182 1359 24
201 1309 330 1373 gressus
353 1296 460 1373 aperto
485 1311 521 1354 ao
544 1291 638 1374 plano
654 1291 747 1353 litore
763 1309 862 1353 naves
878 1292 1049 1354 constituit.
1082 1291 1127 1353 At
1141 1289 1271 1353 barbari
1286 1315 1297 1354 1

201 1397 336 1460 oonsilio
361 1397 579 1460 Romanorum
603 1398 730 1480 cognito
749 1398 928 1480 ‘praemisso
954 1398 1099 1480 equitat-u
1127 1401 1159 1460 et
1186 1416 1271 1461 esse-

200 1504 314 1586 dariis,
338 1523 401 1586 quo
424 1503 612 1586 plerumque
637 1522 750 1586 genere
777 1505 812 1566 in
835 1504 965 1587 proeliis
992 1505 1041 1566 uti
1064 1509 1270 1587 consuerunt,

201 1611 336 1693 reliquis
360 1611 458 1693 copiis
482 1610 646 1674 subsecuti
673 1615 797 1674 nostros
824 1610 960 1674 navibus
989 1610 1097 1694 egredi
1123 1611 1271 1694 prohibe-

169 1717 285 1783 abant.
333 1723 399 1781 erat
423 1718 463 1781 ob
487 1719 544 1780 has
568 1737 679 1781 causas
703 1737 827 1780 summa
851 1717 1032 1800 difficultas,
1063 1717 1148 1800 quod
1172 1737 1298 1783 navesu

201 1830 328 1908 propter
350 1825 604 1908 magnitudinem
627 1826 690 1888 nisi
712 1826 748 1887 in
772 1825 834 1888 alto
859 1825 1011 1888 constitui
1034 1844 1100 1887 non
1115 1830 1270 1909 poterant,

200 1932 356 1995 militibus
381 1937 486 1995 autem
510 1933 628 2014 ignotis
655 1932 746 2013 locis,
774 1931 935 2014 impeditis
962 1932 1124 2014 manibus,
1152 1952 1269 2016 magno

198 2044 233 2102 et
255 2040 346 2122 gravi
371 2058 464 2102 onere
489 2059 650 2102 armorum
673 2039 791 2121 pressis
815 2038 913 2103 simul
937 2043 968 2102 et
992 2039 1030 2102 de
1054 2039 1191 2103 navibus
1216 2039 1269 2104 de·

199 2145 372 2208 siliendum
401 2147 487 2208 etin
516 2146 666 2209 fluctibus
694 2146 935 2209 coiisistendum
963 2150 994 2209 et
1022 2166 1095 2209 cum
1122 2146 1269 2210 hostibus

167 2275 187 2316 a
202 2257 269 2316 erat
297 2253 516 2336 pugnandum,
545 2273 619 2317 cum
646 2253 692 2315 illi
720 2257 775 2317 aut
803 2271 845 2315 ex
873 2254 960 2316 arido
994 2257 1048 2316 aut
1074 2253 1207 2336 paulum
1235 2255 1269 2315 in
1285 2273 1310 2314 10

199 2379 317 2442 aquam
344 2362 502 2443 progressi
530 2360 680 2424 omnibus
711 2360 863 2424 membris
891 2360 1061 2443 expeditis,
1093 2360 1270 2424 notissimis

200 2467 279 2529 locis
296 2468 446 2559 audacter
461 2468 524 2531 tela
540 2469 698 2531 coicerent
717 2472 749 2530 et
764 2486 864 2550 equos
880 2467 1074 2531 insuefactos
1089 2468 1269 2531 incitarent.

168 2573 320 2654 aquibus
344 2573 439 2638 rebus
462 2576 563 2638 nostri
586 2576 745 2658 perterriti
769 2580 864 2656 atque
885 2575 980 2637 huius
997 2575 1126 2637 omnino
1142 2576 1270 2658 generis

200 2700 325 2763 pugnae
349 2681 488 2764 imperiti
510 2701 576 2745 non
604 2682 714 2744 eadem
741 2682 902 2745 alacritate
930 2701 967 2745 ac
995 2681 1113 2763 studio,
1143 2701 1206 2762 quo
1235 2684 1270 2744 in

138 2800 181 2854 25
199 2786 401 2870 pedestribus
425 2789 473 2851 uti
495 2788 624 2871 proeliis
647 2793 849 2870 consuerant,
874 2788 1052 2852 utebantur.
1100 2785 1192 2862 Quod
1213 2789 1296 2852 ubir

200 2893 317 2957 Caesar
349 2895 587 2976 animadvertit,
620 2915 718 2959 naves
750 2897 875 2978 longas,
914 2915 1050 2978 quarum
1082 2899 1114 2958 et
1146 2897 1269 2979 species

198 3007 268 3065 erat
295 3000 438 3065 barbaris
469 3003 653 3065 inusitatior
686 3008 717 3066 et
744 3008 849 3065 motus
878 3002 917 3065 ad
950 3022 1045 3066 usum
1079 3002 1269 3086 expeditior,

199 3108 332 3190 paulum
358 3109 518 3172 removeri
545 3108 584 3170 ab
614 3110 766 3172 onerariis
794 3108 930 3172 navibus
958 3114 990 3173 et
1016 3111 1112 3173 remis
1139 3110 1269 3173 incitari

199 3219 232 3276 et
255 3213 295 3275 ad
318 3215 401 3277 latus
425 3221 569 3297 apertum
592 3216 732 3278 hostium
755 3216 906 3279 constitui
934 3220 1029 3298 atque
1052 3217 1127 3280 inde
1149 3217 1296 3300 lundis,5

198 3321 336 3404 sagittis,
354 3323 519 3385 tormentis
534 3323 640 3385 hostes
657 3323 790 3405 propelli
806 3342 842 3385 ac
858 3323 1041 3385 submoveri
1056 3325 1162 3403 iussit,
1186 3343 1268 3405 quae

167 3446 250 3490 ares
278 3447 392 3510 magno
421 3430 493 3491 usui
520 3431 638 3493 nostris
665 3430 733 3492 fuit.
784 3449 859 3491 nam
887 3434 918 3493 et
945 3430 1076 3491 navium
1103 3429 1209 3513 figura
1237 3436 1270 3494 et

291 3658 324 3711 13
342 3658 493 3713 conuocatis
517 3660 544 3710 et
562 3677 590 3724 a,
615 3658 800 3725 conuocatisss
836 3659 844 3726 ΗΗ
880 3659 1048 3728 cognouisset
1072 3658 1199 3727 SQ⁸B²p3
1223 3676 1268 3714 co-

196 3749 308 3816 gnosset
328 3767 345 3798 a
382 3748 391 3812 ΗΗ
428 3748 462 3800 14
480 3747 555 3814 utip
595 3747 604 3813 ΗΗ
645 3747 847 3815 maximequop
888 3748 897 3815 ΗΗ
940 3750 972 3803 15
991 3751 1022 3801 ut
1040 3764 1107 3816 quae
1125 3748 1219 3818 Dipo,
1238 3751 1270 3802 ut

196 3853 279 3905 qnam
298 3836 328 3890 X
358 3838 366 3906 ΗΗ
399 3837 431 3889 17
451 3836 484 3889 ab
502 3836 543 3888 his
563 3837 597 3890 nl
627 3838 636 3906 ΗΗ
669 3836 702 3889 18
721 3839 833 3890 nanctus
852 3836 890 3889 Β1
921 3837 930 3906 ΗΗ
963 3838 997 3892 20
1015 3840 1105 3906 aperto
1125 3855 1177 3891 om.
1199 3858 1216 3890 o

287 3925 370 3982 aas
389 3926 535 3994 pressisti,
560 3926 691 3994 oppressis
711 3944 740 3992 a,
764 3926 813 3979 del.
840 3926 931 3980 Modo.
968 3927 977 3996 ΗΗ
1012 3927 1044 3980 de
1063 3935 1152 3995 orrafl
1188 3929 1197 3997 ΗΗ
1236 3929 1267 3980 11

194 4015 356 4085 expeditirp
388 4016 397 4083 ΗΗ
430 4012 806 4083 13.14pugna'e'generis·p
837 4016 846 4083 ΗΗ
880 4017 911 4070 15
931 4015 1117 4070 nitebanturlr

287 4103 333 4159 25.
354 4105 370 4156 2
389 4104 507 4158 animum
526 4104 676 4171 aduertite
716 4105 724 4173 ΗΗ
761 4105 964 4158 iteratoque
1005 4107 1014 4174 ΗΗ
1056 4107 1079 4158 7.
1099 4105 1116 4157 8
1136 4107 1163 4160 et
1180 4121 1269 4160 remo·

194 4208 260 4245 rum
279 4210 309 4259 a,
328 4208 461 4246 remorum
479 4201 496 4260 β
