2924 4808
442 342 549 396 LIBER
567 342 628 396 Vll.
648 341 723 396 CAP.
744 343 867 397 49-53.
1126 328 1187 389 191

123 524 176 588 pro
201 505 344 568 subsidio
367 505 462 588 paulo
493 507 642 586 aequiore
671 505 742 568 loco
773 506 962 568 constiterat.
1009 506 1091 568 hanc
1119 525 1222 570 rur-a

100 631 174 676 osus
201 610 295 674 XIII.
319 612 454 693 legionis
482 613 626 675 cohortes
654 616 862 694 exceperunt,
895 630 977 693 quae
1010 629 1050 673 ex
1079 614 1190 675 castris

122 718 302 781 minoribus
326 719 459 783 eductae
488 738 561 782 cum
588 719 620 780 T.
645 717 754 781 Sextio
782 718 887 799 legato
911 724 1060 801 ceperant
1081 718 1189 781 locum

122 827 327 908 superiorem.
375 826 531 909 legiones,
564 825 620 888 ubi
647 827 787 908 primum
815 825 980 908 planitiem
1008 826 1221 909 attigerunta

122 933 245 996 infestis
274 938 385 996 contra
411 933 534 995 hostem
562 934 662 1015 signis
685 933 904 995 constiterunt.
942 932 1217 1016 Vercingetorixr

123 1039 160 1102 ab
184 1038 348 1121 radicibus
371 1039 460 1102 collis
484 1059 559 1102 suos
582 1040 668 1101 intra
690 1041 884 1102 munitiones
903 1039 1041 1101 reduxit.
1080 1058 1116 1102 eo
1138 1040 1189 1102 die

88 1167 110 1208 ro
122 1146 239 1209 milites
263 1152 340 1209 sunt
361 1146 457 1229 paulo
480 1147 588 1208 minus
610 1144 690 1209 Duo
714 1146 890 1209 desiderati.

99 1275 110 1314 1
209 1251 342 1316 Postero
367 1253 418 1316 die
435 1251 549 1317 Caesar
570 1254 717 1316 contione
734 1253 884 1316 advocata
905 1253 1114 1316 temeritatem
1134 1273 1189 1316 cu-
1206 1266 1249 1320 52

123 1359 353 1442 piditatemque
375 1360 514 1423 militum
537 1360 750 1443 reprehendit,
780 1359 865 1442 quod
894 1359 954 1422 sibi
981 1360 1041 1442 ipsi
1070 1360 1189 1422 iudica-

123 1467 254 1548 vissent,
286 1486 348 1548 quo
376 1467 614 1549 procedendum
643 1472 698 1528 aut
726 1466 802 1548 quid
831 1467 990 1549 agendum
1018 1467 1189 1548 rideretur,

123 1591 227 1655 neque
251 1574 342 1656 signo
366 1574 543 1656 recipiendi
568 1573 639 1635 dato
659 1573 875 1636 constitissent
894 1592 1000 1654 neque
1017 1593 1036 1634 a
1051 1573 1190 1636 tribunis

102 1679 259 1742 omilitum
283 1680 462 1763 legatisque
484 1681 614 1743 retineri
638 1680 821 1762 potuissent.
862 1681 1022 1762 exposuit,
1047 1679 1124 1762 quid
1140 1681 1221 1742 ina

121 1786 239 1868 iquitas
263 1786 325 1849 loci
347 1792 467 1870 posset,
492 1787 577 1869 quod
594 1787 661 1869 ipse
678 1787 718 1848 ad
735 1787 910 1849 Avaricum
927 1787 1091 1866 sensisset,
1115 1806 1189 1849 cum

122 1894 190 1956 sine
207 1892 289 1956 duce
312 1898 344 1957 et
359 1893 428 1956 sine
445 1894 590 1974 equitatu
607 1893 812 1976 deprehensis
827 1893 971 1955 hostibus
992 1893 1189 1975 exploratam

120 2000 287 2062 victoriam
304 2000 489 2082 dimisisset,
505 2019 546 2063 ne
562 2020 694 2082 parrum
712 2000 807 2063 modo
824 2000 1048 2063 detrimentum
1065 2000 1099 2061 in
1116 2019 1190 2062 con-

119 2107 262 2169 tentione
285 2112 414 2189 propter
429 2108 631 2188 iniquitatem
654 2107 716 2169 loci
740 2106 903 2194 accideret.
952 2113 1070 2188 quanto
1095 2125 1221 2189 operes

71 2221 97 2266 10
118 2231 232 2276 eorum
258 2214 356 2275 animi
375 2213 630 2296 magnitudinem
649 2213 870 2295 admiraretur,
895 2232 975 2294 quos
990 2233 1054 2276 non
1072 2220 1189 2276 castro-

116 2338 192 2382 rum
216 2321 424 2401 munitiones,
453 2339 517 2382 non
542 2320 675 2382 altitudo
699 2321 830 2399 montis,
858 2338 921 2381 nou
946 2339 1058 2383 murus
1082 2320 1189 2402 oppidi

116 2425 244 2488 tardare
272 2427 438 2509 potuisset,
471 2431 558 2489 tanto
592 2446 686 2509 opere
718 2427 879 2489 licentiam
913 2427 1190 2508 arrogantiamque

115 2533 364 2615 reprehendere,
390 2533 475 2615 quod
495 2534 568 2616 plus
590 2552 623 2596 se
645 2553 740 2615 quam
761 2535 984 2615 imperatorem
1001 2533 1040 2596 dc
1057 2534 1189 2595 victoria

115 2646 215 2720 atque
240 2640 330 2703 exitu
353 2659 461 2702 rerum
485 2641 602 2703 sentire
627 2641 861 2719 existimarent,
890 2659 950 2702 nec
978 2640 1085 2702 minus
1113 2658 1146 2703 se
1171 2659 1217 2701 ar

71 2747 222 2810 ⁵rnilite
250 2746 437 2809 modestiam
470 2752 501 2809 et
533 2748 760 2809 continentiam
791 2767 886 2828 quarn
915 2748 1064 2808 virtutem
1093 2751 1188 2828 atque

71 2859 83 2899 ¹
114 2854 220 2916 animi
242 2854 498 2935 magnitudinem
523 2853 710 2916 desiderare.
757 2852 827 2916 Hac
850 2852 957 2915 habita
985 2855 1131 2916 contione
1157 2859 1189 2916 et
1206 2864 1249 2919 53

114 2961 160 3023 ad
185 2965 365 3023 extremum
385 2958 550 3042 [oratione]
572 2959 766 3023 confirmatis
788 2959 955 3039 militibus,
980 2978 1019 3022 ne
1044 2958 1083 3022 ob
1107 2961 1189 3023 hanc

114 3086 249 3132 causam
267 3067 373 3129 animo
393 3072 657 3149 permoverentur
671 3085 736 3129 neu
754 3066 839 3147 quod
855 3066 1008 3148 iniquitas
1028 3066 1090 3129 loci
1106 3072 1189 3129 attu-

112 3171 223 3254 lisset,
246 3173 280 3235 id
295 3174 408 3236 virtuti
423 3175 563 3236 hostium
586 3172 774 3255 tribuerent,
798 3173 907 3235 eadem
932 3173 971 3236 de
994 3173 1190 3255 profectione

71 3283 85 3324 5
115 3282 277 3364 cogitans,
306 3299 388 3362 quae
417 3286 489 3343 ante
517 3285 672 3362 senserat,
699 3281 841 3363 legiones
870 3299 910 3342 ex
939 3282 1049 3343 castris
1076 3281 1192 3344 eduxit

211 3508 333 3563 dlocum
353 3512 512 3577 ceperantfl
549 3508 556 3580 ΗΗ
593 3509 718 3563 8hostcs
739 3529 755 3561 ιι
793 3508 800 3580 ΗΗ
839 3510 872 3564 10
891 3509 999 3577 paulum
1020 3530 1037 3561 ιι
1074 3509 1082 3580 ΗΗ
1119 3509 1192 3562 rnili-

114 3602 160 3652 tes
179 3597 258 3666 paulo
277 3597 365 3651 minus
385 3597 468 3652 DCC.
489 3601 551 3652 sunt
569 3598 650 3651 desid.
669 3605 686 3664 β

209 3704 255 3759 52.
276 3706 300 3757 1.
321 3705 337 3757 2
355 3705 468 3758 militum
488 3705 747 3773 cupiditatemquefl
783 3704 790 3776 ΗΗ
828 3705 851 3758 2.
872 3706 888 3759 3
907 3705 1068 3759 iudicassent.
1086 3723 1108 3756 π
1136 3703 1144 3775 ΗΗ
1170 3705 1194 3756 4ν

117 3795 181 3848 dato
200 3794 379 3864 recipiendip
416 3792 424 3865 ΗΗ
461 3795 493 3848 ab
514 3814 530 3846 ιι
568 3794 575 3866 ΗΗ
613 3795 804 3862 bexpositort
841 3793 849 3864 ΗΗ
886 3795 989 3862 bquod
1008 3794 1065 3861 ipse
1088 3792 1189 3859 Viclb.;

117 3883 183 3952 qnid
201 3882 259 3950 ipse
278 3882 308 3935 X
342 3881 350 3954 ΗΗ
387 3900 448 3936 cum
468 3902 497 3951 ιι;
517 3884 622 3952 quodfi
658 3882 666 3953 ΗΗ
702 3883 891 3950 9acciperetr3
927 3880 935 3952 ΗΗ
972 3884 1162 3950 quantoperert
1180 3879 1194 3952 Η

120 3973 155 4027 10
173 3988 240 4041 quos
257 3980 286 4040 β;
311 3973 382 4040 quod
401 3992 418 4024 ιι
460 3971 467 4043 ΗΗ
509 3973 542 4024 12
561 3972 734 4040 tantoperef
770 3972 777 4043 ΗΗ
825 3972 858 4024 14
876 3987 925 4025 nec
945 3990 975 4038 a,
996 3977 1083 4036 nond
1124 3968 1132 4040 ΗΗ
1173 3987 1195 4024 a

118 4061 260 4128 Beroald.;
279 4061 312 4115 ab
332 4081 362 4128 ιι;
381 4063 408 4114 in
426 4069 443 4129 β
480 4061 487 4132 ΗΗ
525 4064 558 4116 15
578 4064 604 4115 et
622 4061 809 4114 continentiam
829 4078 881 4113 om.
900 4068 918 4128 β

209 4169 256 4225 53.
277 4169 293 4221 2
312 4169 344 4222 ad
364 4172 514 4224 extremum
533 4169 648 4222 oratione
667 4175 696 4235 β;
715 4169 748 4221 ad
761 4170 907 4221 extremam
921 4167 1065 4221 orationem
1080 4185 1097 4218 ιι
1103 4188 1111 4230 ,·
1130 4183 1194 4221 ora-

120 4258 191 4312 tione
211 4258 260 4312 del.
284 4258 374 4312 Olario.
412 4257 420 4329 ΗΗ
456 4258 586 4312 4uirtuti
604 4258 720 4311 hostium
741 4276 770 4325 ιι;
789 4258 894 4324 ὴοεῒίβ
930 4255 938 4327 ΗΗ
975 4259 1060 4324 bert
