2924 4808
206 283 268 344 140
605 296 709 350 BELLI
728 294 871 349 GALLIGI

204 460 382 524 Cheruscos
406 459 444 522 ab
469 457 646 522 Sueborum
669 458 856 540 Suebosque
876 458 914 522 ab
932 456 1165 522 Cheruscorum
1188 458 1274 520 iniu-

202 568 259 630 riis
287 565 588 648 incrnsiombusque
619 565 801 648 prohibere:
836 565 875 629 ad
910 567 978 630 eius
1011 566 1109 628 silvae
1143 565 1271 627 initium

204 672 326 738 Suebos
351 673 525 736 adventum
548 671 763 736 Romanorum
789 677 956 755 expectare
981 673 1191 735 constituisse.
1289 695 1320 736 20

149 790 183 842 11
294 779 452 855 Quoniam
476 780 617 843 adhunc
633 779 739 842 locum
761 783 950 862 perventum
966 784 1025 860 est,
1048 797 1115 841 non
1131 777 1273 842 alienum
1288 803 1301 844 r

203 906 273 951 esse
305 888 433 950 videtur
465 886 503 950 de
537 887 657 950 Galliae
690 885 941 968 Germaniaeque
973 884 1115 948 moribus
1148 890 1180 947 et
1209 905 1272 967 quo

176 994 351 1060 adifferant
382 993 441 1056 hae
473 994 616 1056 nationes
648 995 731 1056 inter
763 1011 831 1057 sese
865 1011 1050 1075 proponere.
1101 992 1136 1053 in
1170 989 1275 1054 Gallia

203 1121 268 1164 non
293 1101 397 1164 solum
419 1101 454 1161 in
478 1099 626 1163 omnibus
650 1099 831 1163 civitatibus
847 1104 942 1181 atque
958 1100 1003 1181 in,
1017 1098 1166 1161 omnibus
1181 1100 1274 1182 pagis

202 1207 424 1291 partibusque,
449 1206 505 1269 sed
523 1226 623 1289 paene
640 1209 735 1270 etiam
751 1208 786 1269 in
802 1206 938 1288 singulis
955 1205 1102 1269 domibus
1117 1205 1304 1270 factioness

175 1320 290 1396 esunt,
324 1332 497 1395 earumque
529 1314 704 1376 factionum
731 1315 891 1396 principes
919 1318 995 1377 sunt
1026 1315 1081 1395 qui
1114 1333 1273 1376 summam

204 1421 424 1484 auctoritatem
449 1440 557 1483 eorum
581 1420 703 1483 iudicio
727 1420 842 1484 habere
866 1421 1105 1502 existimantur,
1134 1440 1272 1502 quorum

204 1529 244 1590 ad
268 1526 435 1589 arbitrium
458 1527 680 1608 iudiciumque
696 1547 822 1590 summa
838 1528 980 1590 omnium
1000 1546 1107 1603 rerum
1124 1529 1274 1592 consilio-

175 1653 339 1716 lrumque
362 1633 478 1696 redeat.
523 1633 621 1714 idque
646 1633 715 1697 eius
741 1635 789 1697 rei
812 1653 908 1697 causa
936 1635 1116 1716 antiquitus
1143 1635 1273 1698 institu-

204 1746 271 1804 tum
295 1739 436 1821 videtur,
459 1758 500 1802 ne
524 1741 595 1822 quis
619 1759 660 1803 ex
683 1740 775 1823 plebe
799 1746 909 1804 contra
924 1742 1134 1824 potentiorem
1159 1742 1274 1803 auxilii
1287 1761 1316 1803 ro

204 1853 322 1931 egeret3
348 1866 424 1910 suos
452 1847 537 1910 enim
566 1848 701 1929 quisque
730 1849 865 1930 opprimi
894 1853 926 1911 et
953 1848 1179 1911 circumveniri
1208 1867 1280 1912 non.

203 1956 335 2037 patitur,
363 1971 480 2034 neque,
513 1953 604 2017 aliter
632 1956 659 2017 si
686 1954 791 2036 faciat,
820 1954 918 2017 ullam
946 1956 1029 2017 inter
1057 1974 1131 2018 suos
1160 1953 1275 2018 habeat

176 2061 432 2126 tauctoritatem.
479 2060 557 2123 haec
581 2062 690 2124 eadem
714 2062 796 2123 ratio
821 2066 869 2124 est
891 2063 924 2124 in
945 2081 1070 2124 summa
1084 2062 1183 2124 totius
1200 2060 1273 2123 Gal·

203 2168 279 2246 liae,
304 2187 443 2249 namque
468 2185 577 2230 omnes
601 2168 745 2232 civitates
769 2168 890 2231 divisae
915 2174 991 2231 sunt
1011 2170 1046 2230 in
1063 2168 1142 2231 duas
1157 2172 1272 2250 partes.

150 2291 185 2344 12
205 2272 283 2336 Gum
308 2274 424 2337 Caesar
446 2275 481 2336 in
506 2273 642 2336 Galliam
665 2276 764 2356 venit,
789 2274 918 2338 alterius
941 2275 1088 2338 factionis
1111 2275 1299 2358 principesr

176 2386 293 2445 nerant
319 2379 461 2462 Haedui,
494 2381 624 2445 alterius
653 2380 802 2463 Sequani.
853 2383 886 2444 hi
914 2401 988 2444 cum
1014 2401 1071 2465 per
1098 2400 1132 2444 se
1164 2383 1273 2444 minus

203 2488 358 2568 valerent,
383 2488 469 2569 quod
493 2509 617 2551 summa
640 2491 809 2552 auctoritas
833 2491 1011 2570 antiquitus
1039 2489 1164 2552 eratin
1186 2486 1274 2551 Hae-

204 2593 276 2656 duis
299 2613 497 2676 magnaeque
522 2614 632 2658 eorum
656 2600 745 2658 erant
768 2596 947 2678 clientelae,
976 2596 1151 2659 Germanos
1175 2601 1272 2676 atque

204 2701 402 2764 Ariovistum
426 2701 487 2764 sibi
510 2701 724 2766 adiunxerant
746 2722 865 2784 eosque
889 2702 929 2766 ad
952 2723 985 2766 se
1000 2703 1125 2785 maguis
1140 2703 1302 2766 iacturiss

176 2807 551 2890 spollicitationibusquo
574 2808 796 2891 perduxerant.
842 2810 973 2893 proeliis
1000 2830 1076 2874 vero
1101 2808 1273 2893 compluri-

203 2913 263 2977 bus
286 2914 376 2978 factis
401 2915 549 2978 secundis
573 2920 666 2998 atque
691 2917 778 2978 omni
801 2917 966 2979 nobilitate
989 2917 1199 2980 Haeduorum
1223 2917 1273 2979 in-

204 3020 333 3084 terfecta
355 3027 478 3084 tantum
501 3024 642 3105 potentia
665 3020 909 3106 antecesserant,
933 3029 969 3087 ut
985 3044 1133 3107 magnam
1148 3029 1273 3106 partem

176 3127 369 3191 rclientium
393 3127 432 3190 ab
456 3127 599 3191 Haeduis
623 3129 663 3191 ad
687 3148 720 3192 se
744 3129 944 3193 traducerent
960 3130 1149 3212 obsidesque
1166 3129 1205 3192 ab
1222 3131 1273 3193 his

173 3301 178 3313 ,
203 3233 388 3315 principum
410 3233 494 3298 filios
518 3237 698 3319 acciperent
713 3241 744 3300 et
758 3236 887 3319 publice
903 3237 1008 3301 iurare
1025 3243 1176 3320 cogerent
1190 3237 1272 3299 nihil
1286 3254 1315 3296 ro

204 3358 237 3402 se
269 3346 379 3403 contra
412 3341 575 3424 Sequanos
603 3343 729 3405 consilii
760 3344 897 3406 inituros
930 3350 961 3407 et
988 3349 1111 3426 partem
1141 3342 1272 3406 finitimi

202 3448 270 3529 agri
294 3467 350 3529 per
372 3449 438 3510 vim
455 3454 640 3532 occupatam
655 3450 854 3532 possiderent
871 3449 1055 3531 Galliaeque
1071 3451 1168 3513 totius
1185 3452 1272 3532 prin-

293 3678 327 3731 18
345 3686 395 3745 ap
427 3680 435 3747 ΗΗ
467 3679 615 3733 Sueborum
639 3679 742 3746 Oiacc.3
763 3680 851 3734 suebis
871 3680 970 3748 (suecis
989 3679 1040 3746 ab)
1059 3679 1089 3733 X
1118 3681 1127 3748 ΗΗ
1159 3695 1272 3734 sueuos-

203 3774 289 3834 quep
321 3770 329 3836 ΗΗ
362 3767 555 3822 Cheruscorum
579 3768 682 3835 Giooo.;
703 3769 880 3822 cheruscisX
910 3769 918 3837 ΗΗ
952 3769 985 3822 19
998 3769 1055 3822 eius
1068 3768 1173 3823 initium
1187 3769 1273 3823 siluae

203 3875 220 3906 α
253 3856 261 3924 ΗΗ
294 3857 327 3911 20
346 3865 478 3924 ευθιιοεβ

292 3948 336 4000 11.
357 3948 372 4000 b
392 3947 565 4014 partibusque
584 3947 633 3999 del.
653 3946 750 4000 Doac's.
784 3950 792 4016 ΗΗ
823 3947 851 4000 in
870 3965 922 4000 om.
943 3967 961 3999 α
993 3947 1002 4014 ΗΗ
1035 3948 1127 4002 bsunt
1140 3946 1273 4017 principes

202 4035 240 4088 ala
271 4037 279 4103 ΗΗ
311 4034 425 4103 Gidque
444 4036 617 4102 fl31taqueu
649 4037 658 4104 ΗΗ
691 4036 725 4088 12
743 4036 841 4089 faciant
853 4044 870 4103 β
902 4038 910 4101 ΗΗ
942 4036 1039 4089 habeat
1057 4035 1172 4104 hlauta
1191 4037 1274 4090 habet

201 4123 232 4176 X
261 4126 269 4192 Η
303 4125 336 4176 14
355 4125 383 4176 in
402 4127 490 4192 partes
509 4124 609 4178 diuisae
628 4129 692 4177 sunt
710 4126 775 4178 duas
795 4145 811 4175 a

291 4213 336 4267 12.
356 4215 374 4265 4
393 4215 468 4267 erant
486 4231 538 4266 om,
557 4220 574 4280 β
608 4213 615 4281 ΗΗ
650 4213 683 4266 12
702 4216 857 4282 occupatam
877 4213 920 4282 “ft
939 4217 1098 4282 occupatum
1115 4221 1133 4282 β
