2924 4808
456 999 492 1064 O.
516 999 636 1064 IULH
660 998 884 1064 CAESARIS

392 1143 603 1218 BELLI
644 1144 940 1220 GALLIOI

534 1302 803 1356 manaremus.

224 1484 327 1547 Galha
346 1489 394 1546 est
413 1485 516 1546 omnis
536 1484 638 1546 divisa
660 1485 696 1546 in
714 1488 818 1566 partes
842 1490 919 1560 tres3
946 1503 1081 1565 quarum
1105 1503 1203 1546 unam
1221 1491 1238 1542 1

132 1591 280 1653 incolunt
311 1589 441 1673 Belgae,
479 1591 572 1652 aliam
606 1591 775 1671 Aquitani,
813 1592 937 1653 tertiam
973 1592 1028 1672 qui
1059 1591 1203 1673 ipsorum

132 1698 244 1780 lingua
267 1697 386 1778 Celtae,
408 1703 517 1760 nostra
537 1697 620 1760 Galli
643 1698 849 1781 appellantur.
892 1698 925 1759 hi
949 1717 1059 1760 omnes
1082 1698 1229 1780 linguae

132 1806 299 1887 institutiS,
321 1805 447 1887 legibus
470 1806 554 1868 inter
577 1824 610 1867 se
635 1805 792 1868 differunt.
837 1805 944 1868 Gallos
967 1806 1006 1868 ab
1031 1805 1202 1886 Aquitanis

103 1911 298 1975 aGarumna
324 1910 458 1994 flumen,
492 1931 510 1973 a
536 1911 646 1994 Belgis
674 1911 820 1974 Matrona
848 1917 879 1974 et
903 1911 1052 1993 Sequana
1079 1911 1200 1973 dividit.

133 2019 248 2080 horum
277 2020 421 2080 omnium
442 2019 606 2081 fortissimi
630 2023 705 2080 sunt
727 2018 859 2101 Belgae,
886 2024 1052 2101 propterea
1075 2019 1161 2100 quod
1184 2038 1229 2081 aa
1259 2101 1261 2104 Ι

135 2126 223 2187 cultu
250 2130 344 2206 atque
369 2125 566 2187 humanitate
590 2126 773 2208 provinciae
796 2125 981 2208 longissime
1005 2125 1122 2188 absunt
1143 2126 1202 2187 mi-

133 2233 283 2314 nimeque
317 2233 357 2294 ad
389 2250 443 2296 eos
471 2238 662 2296 mercatores
676 2251 788 2330 ,saepe
821 2237 1000 2295 commeant
1031 2238 1127 2314 atque
1155 2252 1202 2315 ea,

134 2359 216 2420 quae
240 2339 280 2401 ad
303 2339 532 2402 effeminandos
556 2304 688 2402 animob'
723 2341 871 2421 ertinent,
899 2340 1072 2422 important
1093 2319 1252 2422 proxi-a¹

90 2466 118 2507 10
132 2447 241 2527 mique
270 2452 345 2509 sunt
369 2445 548 2528 Germanis,
571 2418 749 2527 hui-trans
771 2447 921 2509 Rhenum
948 2446 1104 2529 incolunt,
1133 2448 1202 2527 qui-

132 2553 269 2616 buscum
297 2554 497 2616 continenter
524 2553 645 2616 bellum
672 2559 795 2635 gerunt.
843 2573 906 2649 qua
934 2553 973 2616 de
1002 2573 1098 2616 causa
1125 2553 1202 2616 Hel-

132 2661 210 2723 vetii
229 2678 357 2741 quoque
376 2660 517 2741 rehqucs
537 2659 644 2723 Gallos
662 2660 779 2722 virtute
797 2661 1005 2743 praecedunt,
1029 2661 1115 2741 quod
1136 2660 1201 2724 fere

133 2767 301 2830 cotidianis
332 2767 462 2850 proeliis
494 2785 567 2829 cum
601 2766 768 2830 Germanis
800 2768 1010 2848 contendunt,
1043 2786 1116 2829 cum
1149 2774 1202 2830 aut

133 2875 201 2936 suis
236 2872 357 2937 finibus
391 2893 446 2937 eos
483 2873 651 2956 prohibent
688 2879 743 2935 aut
763 2870 839 2956 ¹ipsi
872 2875 907 2936 in
940 2893 1050 2936 eorum
1083 2873 1201 2937 finibus

91 3000 119 3040 15
133 2980 254 3043 bellum
281 2985 404 3063 gerunt.
452 2979 576 3064 [eorum
602 2999 776 3063 unapars,
805 3001 900 3062 quam
925 2981 1032 3043 Gallos
1060 2981 1229 3044 obtineres

135 3087 339 3168 dictumest,
366 3087 496 3151 initium
523 3088 606 3169 capit
634 3107 653 3149 a
674 3085 806 3150 flumine
830 3087 997 3170 Rhodano,
1022 3090 1203 3151 continetur

135 3192 299 3257 Garumna
329 3192 475 3275 flumine,
514 3193 653 3275 Oceano,
695 3191 813 3256 finibus
849 3193 1035 3276 Belgarum,
1077 3196 1203 3278 attingit

134 3301 231 3362 etiam
258 3300 297 3363 ab
326 3299 483 3380 Sequanis
515 3306 546 3364 et
573 3300 731 3364 Helvetiis
758 3299 878 3364 flumen
906 3302 1067 3384 Rhenum,
1099 3303 1203 3384 vergit

135 3406 176 3468 ad
211 3407 452 3490 septentriones.
506 3408 624 3490 Belgae
662 3408 700 3470 ab
739 3409 890 3471 extremis
927 3408 1048 3471 Galliae
1083 3408 1230 3471 finibuse

92 3533 121 3576 ac
135 3515 295 3596 oriuntur,
322 3515 484 3596 pertinent
509 3514 549 3576 ad
571 3514 757 3578 inferiorem
778 3521 900 3598 partem
923 3515 1066 3577 fluminis
1088 3514 1201 3597 Rheni,

135 3627 279 3703 spectant
304 3622 339 3682 in
366 3622 612 3704 septentrionem
640 3626 672 3684 et
696 3622 852 3684 orientem
875 3621 982 3685 solem.
1028 3622 1229 3703 Aquitaniar

224 3817 251 3868 1.
280 3816 296 3868 5
319 3831 448 3883 garumna
465 3832 497 3883 χ;
525 3831 645 3884 garunna
667 3821 707 3884 φβ
751 3814 760 3886 ll
807 3815 921 3869 15-24
948 3831 1038 3868 eorum
1067 3832 1119 3867 una
1142 3831 1201 3882 pars

198 3904 429 3972 etseptentrienes
446 3903 618 3957 detBacber
654 3903 662 3975 ll
700 3906 732 3957 17
753 3905 887 3958 Garumna
899 3903 975 3968 Ber.;
995 3921 1113 3972 garunna
1130 3904 1160 3956 X
1194 3903 1202 3974 ll

136 3993 178 4044 17.
195 3991 227 4046 18
246 3991 362 4060 Oceano,
379 3992 479 4046 finibus
491 3992 647 4062 Belgarum,
660 3994 765 4062 attingit
778 3994 857 4047 etiarn
871 3993 945 4056 [Ηώς
965 4010 1091 4046 oceanum
1104 3993 1202 4046 finibus

135 4079 273 4150 belgarum
295 4081 407 4150 attingit.
427 4081 506 4135 etiam
524 4082 555 4135 X
597 4080 605 4153 Η
651 4083 683 4134 21
704 4087 824 4151 spectant
846 4083 915 4136 inter
932 4083 1041 4135 BScha.
1088 4080 1096 4151 ll
1142 4099 1202 4151 sep-

133 4170 279 4224 tentriones
299 4170 360 4224 Ald.

179 4274 260 4318 Caesar
272 4275 290 4319 1.
305 4277 340 4320 ed.
354 4277 445 4320 Meusel.
1027 4265 1040 4313 l
