2924 4808
467 306 573 360 LIBER
591 306 652 361 Vll.
673 306 748 359 onP.
768 306 888 361 ‘20-23.
1147 292 1210 353 173

111 469 341 550 savertebant,
369 489 448 552 quas
477 489 550 532 curn
579 470 827 550 destinaverant,
859 471 1026 532 tormentis
1054 471 1211 531 introrsus

142 576 351 656 reducebant,
377 582 408 640 et
431 595 579 659 aggerem
603 577 760 638 cuniculis
784 575 1026 657 subtrahebant,
1050 594 1087 638 eo
1109 576 1211 638 scien-

142 687 219 765 tius,
249 682 334 765 quod
358 683 442 766 apud
470 701 523 745 eos
551 701 684 765 magnae
713 688 788 745 sunt
814 683 963 745 ferrariae
992 688 1087 764 atque
1116 701 1211 744 omne

142 810 244 874 genus
276 791 500 853 cuniculorum
533 795 643 852 notum
680 794 774 870 atque
811 791 964 852 usitatum
997 794 1052 852 est.
1109 793 1238 854 ttuma

143 903 249 962 autem
277 917 404 959 murum
438 915 478 958 ex
512 898 599 958 omni
631 900 721 978 parte
753 895 894 958 turribus
927 895 1211 959 contabulaverant

101 1028 129 1069 10
143 1010 238 1086 atque
263 1004 319 1066 has
343 1005 437 1065 coriis
461 1004 650 1066 intererant.
697 1007 767 1064 tum
793 1003 911 1065 crebris
936 1002 1060 1066 diurnis
1084 1008 1238 1067 noctur-4

143 1113 258 1192 nisque
283 1109 504 1192 eruptionibus
532 1115 587 1171 aut
610 1110 717 1192 aggeri
740 1110 848 1192 ignem
871 1109 1049 1173 inferebant
1077 1115 1131 1173 aut
1153 1111 1212 1171 mi-

143 1219 215 1281 lites
239 1222 407 1300 occupatos
430 1217 466 1278 in
482 1235 575 1298 opere
591 1215 817 1278 adoriebantur
832 1221 864 1279 et
879 1222 1059 1278 nostrarum
1075 1218 1212 1279 turrium

144 1325 359 1404 altitudinem,
393 1328 548 1404 quantum
580 1323 636 1386 has
669 1324 853 1385 cotidianus·
881 1343 977 1406 agger
1004 1329 1211 1405 expresserat,

145 1431 321 1494 commissis
345 1450 476 1492 suarum
501 1431 637 1491 turrium
660 1428 752 1492 malis
777 1429 1009 1512 adaequabant,
1034 1435 1066 1493 et
1089 1435 1239 1512 apertoss

103 1561 130 1601 15
145 1538 310 1600 cuniculos
333 1541 481 1618 praeusta
505 1542 536 1599 et
558 1542 729 1619 praeacuta
752 1538 883 1599 materia
907 1542 938 1600 et
960 1539 1030 1620 pice
1044 1538 1214 1600 fervefacta

135 1630 176 1708 'et
198 1645 332 1706 maximi
354 1644 503 1727 ponderis
527 1644 612 1706 saxis
631 1643 838 1706 morabantur
854 1643 1085 1726 moenibusque
1102 1643 1214 1726 adpro-

118 1753 300 1834 1pinquare
327 1749 547 1832 prohibebant.
603 1750 690 1812 Muri
724 1755 830 1813 autem
865 1769 975 1813 omnes
1008 1750 1121 1813 Gallici
1155 1751 1214 1812 hac
1231 1765 1267 1820 23

144 1860 209 1922 fere
232 1858 334 1920 forma
358 1861 440 1920 sunt.
487 1857 592 1919 trabes
616 1857 760 1919 derectae
783 1863 954 1939 perpetuae
981 1858 1017 1919 in
1039 1857 1213 1940 longitudi-

144 1984 220 2028 nem
242 1963 374 2047 paribus
396 1964 576 2026 intervallis
600 1963 753 2026 distantes
781 1965 864 2027 inter
887 1983 920 2027 se
944 1964 1036 2026 binos
1059 1964 1156 2046 pedes
1179 1965 1214 2025 in

146 2072 212 2135 solo
246 2071 460 2134 conlocantur.
518 2071 577 2132 hae
609 2072 830 2134 revinciuntur
862 2072 1018 2133 introrsus
1051 2077 1082 2134 et
1113 2071 1241 2136 multoa

117 2179 260 2262 {aggere
293 2179 488 2256 vestiuntur3
524 2197 560 2239 ea
593 2183 712 2258 autem,
746 2197 827 2260 quae
861 2178 1015 2259 diximus,
1048 2179 1215 2241 intervalla

145 2284 320 2368 grandibus
343 2287 376 2346 in
399 2284 504 2347 fronte
528 2286 614 2347 saxis
639 2286 852 2349 efferciuntur.
903 2286 952 2348 his
983 2286 1155 2348 conlocatis
1183 2291 1241 2351 eta

147 2393 371 2476 coagmentatis
404 2391 486 2454 alius
518 2393 649 2474 insuper
677 2393 753 2455 ordo
785 2393 924 2475 additur,
957 2397 993 2454 ut
1020 2392 1106 2455 idem
1134 2393 1213 2455 illud

147 2499 350 2563 intervallum
373 2503 518 2562 servetur
534 2518 639 2580 neque
663 2500 748 2562 inter
763 2519 796 2562 se
813 2501 999 2582 contingant
1022 2498 1135 2580 trabes,
1159 2501 1214 2562 sed

146 2606 276 2688 paribus
303 2607 493 2668 intermissis
526 2607 636 2688 spatiis
664 2607 808 2689 singulae
837 2607 971 2690 singulis
1000 2608 1086 2668 saxis
1118 2607 1215 2669 inter-

107 2733 134 2774 ro
147 2714 237 2776 ieetis
261 2720 328 2775 arte
352 2713 583 2775 contineantur.
630 2713 676 2775 sic
694 2713 842 2796 deinceps
859 2733 952 2776 omne
977 2733 1055 2795 opus
1072 2715 1243 2778 contexi-4

148 2828 212 2897 tur,
237 2820 313 2881 dum
337 2821 421 2882 iusta
443 2821 527 2882 muri
551 2820 685 2882 altitudo
711 2820 884 2902 expleatur.
923 2820 983 2883 hoc
1000 2840 1073 2882 cum
1096 2821 1129 2881 in
1146 2838 1242 2902 spe-a

149 2928 228 2990 ciem
251 2928 502 3008 varietatemque
526 2946 605 3008 opus
622 2926 762 2990 deforme
782 2947 847 2989 non
863 2932 911 2990 est
926 2928 1056 2990 alternis
1073 2926 1216 2989 trabibus

149 3052 184 3095 ac
207 3035 306 3114 saxiS,
330 3052 412 3113 quae
436 3035 531 3096 rectis
555 3033 648 3096 lineis
672 3053 747 3096 suos
771 3034 899 3097 ordines
918 3039 1059 3115 servant,
1083 3039 1152 3096 tum
1176 3034 1216 3096 ad

148 3139 318 3203 utilitatem
341 3144 373 3203 et
397 3141 614 3203 defensionem
640 3139 769 3202 urbium
792 3161 949 3203 summam
969 3141 1064 3204 habet
1088 3146 1216 3223 oportu-

109 3247 293 3326 lenitatem,
318 3246 404 3328 quod
428 3252 460 3310 et
482 3247 521 3309 ab
545 3247 693 3309 incendio
722 3247 802 3329 lapis
831 3253 862 3310 et
890 3248 928 3310 ab
958 3249 1056 3311 ariete
1084 3248 1217 3311 materia

239 3493 272 3548 10
291 3493 410 3563 crebrip
452 3495 460 3562 Η
503 3494 536 3546 12
554 3495 582 3546 in
601 3511 679 3562 opere
704 3499 880 3564 occupatosfl
921 3502 929 3564 Η
972 3497 1005 3550 13
1024 3496 1156 3550 altitudini
1173 3503 1191 3562 β
1209 3495 1216 3566 ΗΗ

152 3583 185 3634 14
202 3581 251 3636 alis
274 3581 363 3636 Oicco.
405 3584 414 3650 ΗΗ
456 3584 563 3636 14-17
589 3588 615 3637 et
639 3588 744 3652 apertos
765 3627 1021 3639 ...............
1047 3586 1218 3654 prohibebant

150 3689 244 3741 ονλψ

63 3842 66 3846 ,
237 3779 283 3834 23.
305 3780 328 3830 1.
349 3779 365 3832 2
383 3778 467 3833 Muris
486 3783 576 3833 autem
595 3781 718 3836 omnibus
737 3782 838 3853 gallicis
856 3783 922 3836 hacc
941 3784 995 3836 lere
1014 3783 1097 3836 forma
1115 3784 1156 3834 est
1173 3789 1191 3848 β
1209 3780 1217 3853 ΗΗ

151 3868 333 3937 2perpetuae
355 3868 395 3936 X;
423 3869 491 3922 XIV
509 3871 606 3938 pedum
629 3871 702 3939 RMq
734 3873 742 3940 ΗΗ
776 3874 792 3924 4
815 3873 865 3925 hae
889 3872 1072 3925 reuinciuntur
1095 3890 1129 3938 ης
1158 3887 1218 3924 aere

152 3957 303 4010 uinciuntur
322 3957 411 4028 SQbffi
434 3959 513 4011 haere
536 3960 672 4013 uiciuntur
690 3960 791 4028 AQ⁸B3
815 3978 876 4014 aere
894 3961 1030 4014 uiciuntur
1048 3961 1082 4012 M
1087 3961 1095 3990 ¹
1131 3961 1140 4024 Η
1176 3960 1217 4013 in·

152 4049 251 4100 trorsus
270 4048 326 4114 nd„
346 4050 482 4101 extrorsus
502 4048 562 4101 ahlb
595 4054 603 4115 ΗΗ
636 4051 820 4117 bfrontemfl
851 4056 859 4118 ΗΗ
892 4051 1065 4104 effarciuntur
1083 4068 1120 4103 uo
1152 4050 1160 4119 ΗΗ
1192 4050 1218 4105 6.

152 4137 168 4186 7
187 4139 213 4188 et
231 4137 401 4205 coagminatis
420 4139 609 4206 coagmentatis
630 4159 646 4189 α
679 4141 687 4204 Η
720 4140 736 4193 9
751 4140 909 4193 intermissis
923 4140 964 4207 a¹;
983 4139 1151 4194 intermissae
1164 4139 1194 4194 X
1210 4137 1219 4211 ΗΗ

155 4226 185 4276 11
204 4225 400 4294 compleaturd
