2924 4808
185 294 247 356 160
583 307 687 362 BELLI
707 307 848 362 GALLICI

182 473 322 535 iuniores
338 471 448 534 ltaliae
465 471 681 552 coniurarent,
705 471 856 534 dilectum
872 476 937 533 tota
952 471 1116 552 provincia
1132 469 1250 533 habere

154 579 328 642 ainstituit.
375 597 430 641 eae
453 597 504 641 res
526 579 564 640 iu¹
586 576 721 641 Galliam
743 577 983 660 Transalpinam
1007 576 1153 640 celeriter
1181 595 1279 658 per-a

181 685 333 748 feruntur.
380 684 502 747 addunt
523 684 584 767 ipsi
609 690 640 748 ct
663 683 829 767 adfingunt
844 683 1028 746 rumoribus
1044 682 1140 762 Galli,
1165 683 1252 765 quod

182 811 233 854 res
256 810 384 874 poscere
407 790 592 872 videbatur,
615 793 745 854 retineri
768 791 891 854 urbano
906 795 997 853 motu
1012 788 1181 854 Gaesarem
1195 808 1252 853 ne-

184 917 246 980 que
269 899 303 960 in
328 899 423 962 tantis
452 898 708 962 dissensionibus
736 897 776 961 ad
804 899 981 961 exercitum
1009 897 1120 960 venire
1149 915 1251 978 posse.

153 1006 240 1079 abac
266 1005 396 1087 impulsi
429 1005 608 1086 occasione,
642 1006 697 1086 qui
723 1005 787 1067 iam
816 1009 888 1068 ante
916 1023 949 1068 se
978 1003 1087 1087 populi
1113 1003 1257 1066 Romani

182 1113 315 1195 imperio
349 1111 510 1175 subiectos
543 1112 697 1192 dolerent,
735 1110 868 1174 liberius
899 1116 994 1193 atque
1027 1110 1179 1174 audacius
1213 1111 1252 1174 dc
1266 1134 1293 1176 10

88 1251 90 1255 ’
155 1219 266 1284 abello
290 1219 422 1282 consilia
445 1220 526 1282 inire
549 1220 714 1301 incipiunt.
760 1218 889 1282 indictis
917 1219 1002 1282 inter
1029 1236 1063 1281 sc
1091 1219 1252 1300 principes

183 1324 304 1389 Galliac
328 1326 471 1389 conciliis
491 1324 690 1389 silvestribus
713 1345 749 1389 ac
765 1327 894 1388 remotis
912 1326 992 1388 locis
1016 1329 1196 1407 queruntur
1212 1325 1253 1388 de

182 1433 320 1495 Acconis
343 1439 457 1511 morte,
482 1452 574 1515 posse
598 1433 685 1495 hunc
708 1452 818 1496 casum
844 1433 885 1495 ad
912 1434 999 1514 ipsos
1026 1431 1168 1496 recidere
1199 1432 1253 1495 de·

155 1543 372 1618 amonstrant,
397 1540 591 1603 miserantur
614 1559 816 1603 communem
841 1539 962 1602 Galliac
984 1538 1159 1618 fortunam,
1186 1558 1253 1602 om-

182 1645 278 1708 nibus
310 1645 592 1728 pollicitationibus
625 1666 661 1709 ac
688 1647 837 1729 praemiis
868 1644 1058 1728 deposcunt,
1091 1646 1148 1726 qui
1175 1645 1254 1709 belli
1268 1669 1293 1710 15

182 1752 313 1815 initium
335 1753 453 1816 faciant
476 1758 508 1816 et
531 1753 582 1815 sui
606 1754 717 1836 capitis
740 1753 883 1836 periculo
908 1751 1044 1815 Galliam
1066 1754 1101 1814 in
1124 1752 1253 1816 liberta·
1282 1781 1284 1789 ·

156 1865 248 1926 atem
270 1860 442 1923 vindicent.
487 1861 521 1922 in
546 1861 656 1942 primis
678 1861 834 1923 rationem
850 1879 919 1923 esse
936 1858 1115 1923 habendam
1131 1858 1253 1941 dicunt,

171 1967 271 2048 <prius
296 1986 393 2050 quam
416 1986 527 2030 eorum
552 1966 749 2030 clandestina
770 1967 904 2030 consilia
919 1965 1097 2049 efferantur,
1121 1971 1158 2030 ut
1174 1965 1253 2030 Cae-

157 2092 235 2141 asar
258 2073 297 2135 ab
322 2074 465 2137 exercitu
487 2073 726 2137 intercludatur.
772 2074 807 2136 id
822 2092 891 2138 esse
906 2073 1012 2154 facile,
1037 2071 1123 2154 quod
1145 2091 1253 2156 neque

183 2180 324 2263 legiones
357 2180 495 2244 audeant
527 2180 655 2244 absente
682 2182 873 2263 imperatore
905 2198 947 2243 ex
974 2179 1116 2243 hibernis
1144 2180 1254 2263 egredi
1267 2200 1294 2243 ao

184 2306 289 2369 neque
312 2288 483 2370 imperator
505 2289 574 2350 sine
597 2287 754 2370 pracsidio
779 2287 819 2350 ad
838 2288 981 2370 legiones
997 2287 1165 2369 pervenire
1180 2305 1254 2369 pos-

157 2396 238 2473 ssit3
262 2398 421 2477 postremo
445 2395 480 2455 in
504 2396 571 2485 acie
599 2399 758 2477 praestare
786 2393 924 2458 interfici
956 2413 1051 2476 quam
1080 2412 1144 2456 non
1168 2401 1254 2456 vete·

184 2519 252 2563 rem
275 2501 350 2563 belli
373 2502 507 2583 gloriam
531 2501 784 2584 libertatemque,
808 2521 904 2584 quam
928 2521 945 2564 a
969 2499 1142 2564 maioribus
1166 2519 1255 2563 acoe-

147 2621 166 2675 2
184 2609 300 2689 perint,
324 2627 519 2691 recuperare.
558 2608 618 2672 His
634 2608 730 2672 rebus
747 2610 871 2691 agitatis
886 2607 1075 2690 profitentur
1098 2608 1255 2671 Carnutes
1270 2630 1281 2670 1

185 2733 218 2776 se
251 2714 376 2776 nullum
409 2715 588 2797 periculum
621 2716 799 2779 communis
836 2715 946 2778 salutis
979 2734 1075 2778 causa
1106 2733 1255 2779 recusare

157 2821 408 2903 aprincipesque
437 2840 478 2883 er
507 2822 656 2885 omnibus
685 2821 805 2885 bellum
832 2821 971 2885 facturos
997 2822 1188 2904 pollicentur
1215 2826 1257 2903 et,

187 2928 339 3009 quoniam
362 2930 396 2990 in
420 2930 598 3010 praesentia
621 2928 785 2992 obsidibus
810 2946 924 2992 carcre
938 2930 1022 2992 inter
1044 2946 1078 2991 se
1101 2946 1168 2990 non
1183 2946 1257 3011 pos·

187 3035 262 3114 sint,
291 3053 331 3098 ne
355 3055 406 3098 res
430 3035 592 3117 efferatur,
620 3041 651 3098 at
675 3038 746 3099 iure
774 3034 909 3098 iurando
938 3055 974 3098 ac
1002 3033 1065 3098 fide
1093 3036 1284 3098 sanciaturs

186 3146 311 3222 petunt,
335 3142 467 3204 conlatis
490 3142 681 3205 militaribus
704 3144 818 3226 signis,
847 3162 909 3225 quo
933 3161 1021 3206 more
1045 3161 1156 3206 eorum
1184 3161 1257 3225 gra·

185 3249 315 3309 vissima
347 3250 539 3312 caerimonia
572 3251 766 3331 continetur,
798 3268 839 3312 ne
871 3250 955 3313 facto
987 3249 1081 3312 initio
1109 3247 1188 3312 belli
1215 3248 1256 3312 ab

158 3353 317 3435 areliquis
341 3354 533 3418 deserantur.
573 3361 641 3419 tum
658 3356 854 3419 conlaudatis
871 3354 1063 3420 Carnutibus
1088 3355 1160 3418 dato
1184 3356 1257 3418 iure

185 3459 321 3522 iurando
346 3461 384 3524 ab
410 3462 570 3544 omnibuS,
588 3463 652 3544 vqui
675 3462 820 3543 aderant,
847 3470 988 3545 tempore
1013 3465 1082 3527 eius
1105 3463 1153 3526 rei
1177 3480 1256 3526 con-

275 3726 368 3780 5Hae
386 3734 463 3793 resfl
495 3727 503 3794 ll
535 3727 615 3795 9qui
634 3743 662 3780 sc
681 3727 733 3780 iam
753 3731 848 3795 antec
880 3729 888 3797 ll
921 3728 954 3781 12
974 3727 1090 3782 consiliis
1110 3748 1127 3779 α
1166 3728 1175 3796 l
1212 3743 1257 3782 se·

185 3816 264 3869 motis
284 3815 346 3869 HM
374 3817 382 3883 [ξ
416 3817 448 3868 13
468 3816 537 3869 hunc
556 3832 646 3870 casum
666 3818 699 3870 ad
718 3817 789 3885 ipsos
808 3817 923 3870 recidere
941 3823 1055 3885 possed
1086 3819 1095 3886 ll
1128 3817 1161 3872 16
1180 3816 1257 3872 initia

187 3925 203 3956 a
236 3908 244 3973 Ι]
276 3905 390 3971 laciatd
421 3906 429 3973 ll
463 3906 494 3956 1?
515 3905 638 3958 uindicet.
659 3906 716 3958 eius
735 3906 763 3958 in
782 3906 909 3973 primisp
941 3909 949 3973 ll
982 3906 1024 3958 21.
1045 3905 1079 3958 22
1097 3908 1189 3974 posset
1208 3905 1255 3979 “l

187 3995 228 4047 23.
249 3993 283 4045 24
302 3997 455 4062 acceperant
475 4013 491 4044 a

274 4120 302 4173 2.
323 4121 347 4171 4.
367 4121 383 4173 5
402 4122 511 4187 possent
530 4138 547 4169 u
579 4119 587 4186 l!
620 4120 753 4189 batpo¹3
772 4122 818 4173 aut
833 4120 876 4188 “ft
896 4123 926 4175 ut
941 4120 992 4174 Sa²
1023 4119 1032 4187 ll
1064 4121 1257 4189 dquodmorc

187 4227 204 4258 α
236 4208 244 4276 ll
277 4209 301 4262 6.
322 4210 336 4260 7
357 4208 527 4276 grauissimae
547 4208 721 4263 caerimoniae
740 4209 945 4276 continenturss
976 4211 984 4278 ll
1017 4209 1077 4264 eei
1095 4209 1134 4263 rei
1152 4209 1230 4264 Paul
