2924 4808
545 259 651 319 LIBER
669 269 702 321 V.
723 265 797 319 οΑΡ.
818 267 903 321 6-9.
1198 251 1260 314 103

191 432 381 512 gererentur
405 433 608 516 cognosceret
631 429 866 511 consiliumque
894 448 951 511 pro
975 434 1116 511 tempore
1145 435 1176 492 et
1203 449 1260 512 pro

163 554 225 600 are
250 539 390 618 caperet,
414 535 481 618 ipse
506 555 580 599 cum
603 535 633 596 V
655 536 837 619 legionibus
860 541 891 599 et
914 536 982 618 pari
1006 555 1139 599 numero
1169 537 1288 618 equi-2

191 647 274 723 tum,
309 661 404 725 quem
432 643 466 704 in
494 643 670 705 continenti
697 641 910 724 relinquebat,
938 643 979 704 ad
1007 643 1082 705 solis
1112 661 1259 706 occasum

190 768 289 813 naves
313 748 415 812 solvit.
449 753 481 812 et
498 748 564 812 leni
584 749 693 811 Africo
713 753 879 831 provectus
898 748 1003 812 media
1024 750 1149 812 circiter
1167 755 1260 830 noete

190 860 287 919 vento
320 856 502 942 intermisso
531 874 660 919 cursum
693 875 758 918 non
786 856 890 919 tenuit
923 863 953 918 et
980 855 1108 938 longius
1138 855 1259 937 delatus¹

191 967 282 1028 aestu
306 967 373 1026 orta
391 962 463 1026 luce
483 962 542 1025 sub
559 963 687 1026 sinistra
703 962 901 1024 Britanniam
919 962 1061 1025 relictam
1085 964 1258 1045 conspexit.

151 1089 178 1132 10
191 1075 262 1133 tum
284 1089 398 1133 rursus
419 1074 527 1133 aestus
550 1070 832 1132 commutationem
856 1074 985 1132 secutus
1008 1070 1104 1132 remis
1128 1074 1287 1133 conten-3

192 1176 251 1259 dit,
280 1181 316 1240 ut
342 1195 413 1239 earn
440 1180 560 1258 partem
589 1176 712 1239 insulae
741 1181 879 1259 caperet,
909 1196 980 1261 qua
1001 1177 1157 1258 optimum
1190 1193 1259 1239 csse

192 1303 357 1367 egressum
380 1283 544 1365 superiore
568 1287 685 1346 aestate
709 1289 907 1366 cognoverat.
955 1302 1018 1364 qua
1041 1284 1073 1345 in
1093 1302 1127 1346 re
1152 1283 1286 1348 aduro-t

192 1391 269 1454 dum
292 1391 353 1454 fuit
375 1389 514 1453 militum
538 1390 641 1453 virtus
657 1389 829 1471 laudanda,
854 1391 909 1472 qui
925 1390 1078 1453 vectoriis
1094 1388 1260 1472 gravibus·

192 1517 255 1580 que
279 1497 418 1580 navigiis
447 1516 512 1559 non
536 1497 718 1560 intermisso
747 1497 925 1579 remigandi
955 1495 1063 1560 labore
1091 1496 1260 1577 longarum

151 1621 177 1664 15
190 1606 325 1667 navium
353 1623 483 1667 cursum
514 1603 742 1684 adaequarunt.
795 1622 957 1667 accessum
987 1608 1034 1666 est
1067 1603 1107 1665 ad
1134 1603 1286 1670 Britan-o

189 1713 279 1774 niam
303 1710 454 1774 omnibus
476 1710 614 1773 navibus
638 1710 813 1773 meridiano
837 1710 901 1773 fere
923 1716 1079 1792 tempore,
1103 1727 1209 1791 neque
1226 1710 1258 1770 in

191 1837 227 1882 eo
251 1818 323 1882 loco
347 1819 447 1882 hostis
471 1823 519 1882 est
541 1819 643 1896 risus3
672 1819 741 1899 sed,
765 1823 800 1880 ut
823 1821 934 1900 postea
958 1816 1073 1880 Caesar
1096 1834 1137 1878 ex
1161 1817 1258 1899 capti-
1273 1843 1286 1882 o

190 1927 239 1988 vis
263 1926 426 2008 cognovit,
450 1943 524 1988 cum
547 1944 683 2006 magnae
706 1944 820 1987 manus
849 1943 886 1988 eo
910 1923 1148 2004 convenissent,
1176 1922 1259 1985 rnul-

190 2032 329 2095 titudine
351 2033 484 2095 navium
506 2033 703 2115 perterritae,
728 2049 809 2113 quae
833 2050 906 2093 cum
931 2031 1095 2093 annotinis
1114 2031 1258 2113 privatis-

150 2156 178 2200 :o
191 2157 267 2221 que,
296 2158 376 2221 quas
403 2140 455 2201 sui
483 2139 620 2221 quisque
649 2137 808 2201 commodi
836 2158 931 2200 causa
959 2137 1087 2219 fecerat,
1121 2138 1259 2219 amplius

190 2244 301 2309 Doce
324 2265 390 2309 uno
415 2250 506 2308 erant
528 2247 615 2308 visae
639 2252 794 2328 tempore,
823 2265 841 2307 a
864 2243 955 2308 litore
985 2245 1195 2306 discesserant
1222 2263 1258 2306 uc

164 2371 224 2417 rse
248 2354 284 2415 in
307 2353 472 2436 superiora
494 2353 564 2415 loca
580 2352 775 2415 abdiderant.
815 2350 931 2414 Caesar
946 2351 1092 2433 exposito
1116 2351 1296 2418 exercituo

191 2465 223 2524 et
240 2460 312 2523 loco
332 2460 443 2523 castris
461 2461 576 2523 idoneo
597 2464 702 2542 capto,
719 2458 775 2521 ubi
795 2477 836 2521 ex
855 2458 989 2540 captivis
1007 2458 1170 2540 cognovit,
1195 2477 1258 2538 quo

190 2568 223 2628 in
255 2567 326 2630 loco
360 2567 499 2630 hostium
532 2567 642 2649 copiae
675 2566 907 2645 consedissent,
941 2564 1124 2626 cohortibus
1157 2564 1190 2626 X
1218 2564 1256 2624 atl

191 2691 277 2736 mare
309 2673 430 2737 relictis
462 2678 495 2736 et
526 2673 690 2755 equitibus
723 2670 810 2754 CCC,
845 2674 900 2752 qui
932 2671 1089 2754 praesidio
1124 2668 1258 2732 travibus

164 2784 309 2862 cessent,
343 2780 383 2844 de
415 2781 508 2843 tertia
540 2780 649 2864 vigilia
683 2779 722 2841 ad
749 2779 855 2842 hostes
888 2778 1053 2841 contendit
1085 2797 1121 2840 eo
1151 2779 1258 2839 minus

191 2888 310 2950 veritis
334 2887 485 2968 navibus,
514 2887 600 2970 quod
623 2887 657 2948 in
681 2887 774 2949 litore
802 2885 891 2948 molli
919 2892 1014 2968 atque
1043 2890 1150 2967 aperto
1179 2883 1258 2946 deli-

190 2999 280 3076 gatas
312 2993 353 3056 ad
385 3013 518 3057 ancoras
550 2993 759 3077 relinquebat.
810 2992 841 3055 ei
869 2992 1025 3074 praesidio
1059 2989 1257 3072 navibusque

193 3098 226 3175 Q.
250 3100 382 3163 Atrium
404 3101 562 3184 praefecit.
601 3101 668 3183 ipse
688 3108 785 3162 noctu
801 3118 987 3186 progressus
1003 3097 1090 3160 milia
1105 3116 1255 3180 passuum
1272 3121 1285 3161 2

192 3208 318 3270 circiter
340 3206 407 3270 XII
430 3207 568 3270 hostiurn
593 3208 699 3290 copias
722 3208 925 3289 conspicatus
949 3213 1003 3269 est.
1050 3205 1096 3266 illi
1114 3206 1259 3285 equitatu
1271 3230 1286 3269 a

280 3455 471 3524 4gererentu1·
489 3472 517 3516 ας
544 3454 639 3507 fierent
656 3461 673 3519 β
713 3456 721 3519 ,t
762 3456 779 3507 b'
803 3451 967 3521 relinquebat
989 3460 1017 3519 β;
1045 3451 1189 3520 reliquerat
1208 3472 1225 3502 α
1249 3451 1257 3515 i

191 3545 225 3597 ad
243 3543 307 3598 solis
325 3558 449 3597 occasum
469 3561 497 3609 u3
516 3542 580 3596 solis
599 3558 695 3596 occasu
712 3549 729 3608 ,t
761 3544 769 3605 l
801 3542 912 3595 bacatu.
933 3544 1107 3606 01·taa;cst.
1134 3541 1196 3594 Otto
1214 3548 1231 3605 ,t
1255 3548 1257 3609 j

190 3634 225 3711 μ’)
244 3632 470 3701 adequoncrintss
500 3633 509 3699 'ql
543 3631 947 3700 18cognouito300n1pe1itp
972 3632 980 3697 Γ,
1007 3631 1041 3685 20
1060 3632 1257 3698 quisqucootn·

192 3722 261 3776 modi
279 3737 360 3776 causa
378 3721 417 3775 ed.
436 3724 464 3788 13
492 3721 603 3790 quisque
622 3721 753 3775 commodi
773 3739 801 3782 u3
830 3720 959 3774 commodi
982 3720 1093 3788 quisquo
1117 3734 1196 3771 causa
1213 3726 1230 3784 ,3
1249 3735 1257 3785 j

191 3809 223 3862 21
245 3810 371 3866 ,1)0000.
392 3829 414 3862 π
445 3814 454 3879 lt
486 3826 539 3863 uno
558 3816 632 3863 erunt
650 3810 723 3863 uisae
742 3813 859 3876 tempore
880 3826 910 3876 ‘⁶3
938 3825 991 3861 una
1014 3814 1089 3860 crunt
1113 3807 1194 3860 uisae.
1223 3808 1257 3858 ti-

191 3907 299 3968 moress

278 4008 307 4064 9.
327 4010 343 4062 5
362 4008 395 4061 de
413 4024 466 4060 om.
484 4014 502 4073 ,3
538 4009 541 4073 j
574 4007 735 4060 ianohoras
754 4013 782 4072 ,ἐς
806 4021 928 4059 ancoram
948 4024 965 4055 o
1007 4007 1014 4069 ‘j
1055 4004 1078 4056 ei
1099 4003 1201 4069 illust:
1231 4010 1258 4055 ot

192 4095 221 4149 X
249 4097 258 4164 ll
290 4098 315 4149 7.
333 4097 352 4152 8
370 4096 534 4164 nauibusque
555 4095 585 4161 Q.
605 4095 705 4163 b'ipp,
726 4095 863 4162 nauibusq.
882 4089 1048 4160 ,33⁶1rauibus
1069 4093 1189 4160 quintum
1212 4112 1228 4141 a
1249 4132 1257 4159 Ι,

191 4183 330 4240 beirciter
347 4202 400 4264 qur.
410 4192 436 4260 p
