<?xml version="1.0" encoding="UTF-8"?>
<!DOCTYPE html PUBLIC "-//W3C//DTD XHTML 1.0 Transitional//EN"
    "http://www.w3.org/TR/xhtml1/DTD/xhtml1-transitional.dtd">
<html xmlns="http://www.w3.org/1999/xhtml" xml:lang="en" lang="en">
 <head>
  <title>
</title>
<meta http-equiv="Content-Type" content="text/html;charset=utf-8" />
  <meta name='ocr-system' content='tesseract 3.04.00' />
  <meta name='ocr-capabilities' content='ocr_page ocr_carea ocr_par ocr_line ocrx_word'/>
</head>
<body>
  <div class='ocr_page' id='page_1' title='image "./ciuliicaesarisb01meusgoog_0066.png"; bbox 0 0 2924 4808; ppageno 0'>
   <div class='ocr_carea' id='block_1_1' title="bbox 205 262 875 332">
    <p class='ocr_par' dir='ltr' id='par_1_1' title="bbox 205 262 875 332">
     <span class='ocr_line' id='line_1_1' title="bbox 205 262 875 332; baseline 0.015 -10"><span class='ocrx_word' id='word_1_1' title='bbox 205 262 248 323; x_wconf 87' lang='grc'>46</span> <span class='ocrx_word' id='word_1_2' title='bbox 607 277 714 331; x_wconf 81' lang='lat' dir='ltr'>BELLI</span> <span class='ocrx_word' id='word_1_3' title='bbox 733 277 875 332; x_wconf 84' lang='lat' dir='ltr'><strong>GALLICI</strong></span> 
     </span>
    </p>
   </div>
   <div class='ocr_carea' id='block_1_2' title="bbox 128 439 1319 3409">
    <p class='ocr_par' dir='ltr' id='par_1_2' title="bbox 128 439 1319 3409">
     <span class='ocr_line' id='line_1_2' title="bbox 176 439 1319 522; baseline 0.003 -18"><span class='ocrx_word' id='word_1_4' title='bbox 176 443 316 504; x_wconf 81' lang='lat' dir='ltr'>econtra</span> <span class='ocrx_word' id='word_1_5' title='bbox 338 439 494 522; x_wconf 91' lang='lat' dir='ltr'>populum</span> <span class='ocrx_word' id='word_1_6' title='bbox 515 440 698 504; x_wconf 89' lang='lat' dir='ltr'>Romanum</span> <span class='ocrx_word' id='word_1_7' title='bbox 722 442 818 504; x_wconf 88' lang='lat' dir='ltr'>armis</span> <span class='ocrx_word' id='word_1_8' title='bbox 842 440 1043 504; x_wconf 78' lang='lat' dir='ltr'>contendere.</span> <span class='ocrx_word' id='word_1_9' title='bbox 1089 440 1178 522; x_wconf 91' lang='lat' dir='ltr'>item,</span> <span class='ocrx_word' id='word_1_10' title='bbox 1202 459 1277 504; x_wconf 90' lang='lat' dir='ltr'>cum</span> <span class='ocrx_word' id='word_1_11' title='bbox 1291 465 1319 507; x_wconf 83' lang='lat' dir='ltr'>ro</span> 
     </span>
     <span class='ocr_line' id='line_1_3' title="bbox 205 546 1277 630; baseline 0.003 -23"><span class='ocrx_word' id='word_1_12' title='bbox 205 546 245 609; x_wconf 90' lang='lat' dir='ltr'>ad</span> <span class='ocrx_word' id='word_1_13' title='bbox 269 546 422 629; x_wconf 89' lang='lat' dir='ltr'>oppidum</span> <span class='ocrx_word' id='word_1_14' title='bbox 446 549 632 611; x_wconf 77' lang='lat' dir='ltr'>accessisset</span> <span class='ocrx_word' id='word_1_15' title='bbox 659 553 825 629; x_wconf 88' lang='lat' dir='ltr'>castraque</span> <span class='ocrx_word' id='word_1_16' title='bbox 849 548 895 610; x_wconf 90' lang='lat' dir='ltr'>ibi</span> <span class='ocrx_word' id='word_1_17' title='bbox 918 552 1064 630; x_wconf 89' lang='lat' dir='ltr'>poneret,</span> <span class='ocrx_word' id='word_1_18' title='bbox 1091 549 1184 630; x_wconf 90' lang='lat' dir='ltr'>pueri</span> <span class='ocrx_word' id='word_1_19' title='bbox 1205 567 1277 610; x_wconf 93' lang='lat' dir='ltr'>mu-</span> 
     </span>
     <span class='ocr_line' id='line_1_4' title="bbox 203 653 1275 737; baseline 0.001 -23"><span class='ocrx_word' id='word_1_20' title='bbox 203 654 363 734; x_wconf 89' lang='lat' dir='ltr'>lieresque</span> <span class='ocrx_word' id='word_1_21' title='bbox 390 672 432 716; x_wconf 88' lang='lat' dir='ltr'>ex</span> <span class='ocrx_word' id='word_1_22' title='bbox 458 673 551 717; x_wconf 90' lang='lat' dir='ltr'>muro</span> <span class='ocrx_word' id='word_1_23' title='bbox 583 655 684 737; x_wconf 89' lang='lat' dir='ltr'>passis</span> <span class='ocrx_word' id='word_1_24' title='bbox 716 654 864 717; x_wconf 88' lang='lat' dir='ltr'>manibus</span> <span class='ocrx_word' id='word_1_25' title='bbox 897 673 955 717; x_wconf 90' lang='lat' dir='ltr'>suo</span> <span class='ocrx_word' id='word_1_26' title='bbox 982 673 1070 719; x_wconf 89' lang='lat' dir='ltr'>more</span> <span class='ocrx_word' id='word_1_27' title='bbox 1098 672 1208 736; x_wconf 83' lang='lat' dir='ltr'>pacem</span> <span class='ocrx_word' id='word_1_28' title='bbox 1237 653 1275 716; x_wconf 86' lang='lat' dir='ltr'>ab</span> 
     </span>
     <span class='ocr_line' id='line_1_5' title="bbox 149 759 1304 844; baseline -0.001 -17"><span class='ocrx_word' id='word_1_29' title='bbox 149 774 186 827; x_wconf 87' lang='lat'>14</span> <span class='ocrx_word' id='word_1_30' title='bbox 205 760 358 823; x_wconf 85' lang='lat' dir='ltr'>Romanis</span> <span class='ocrx_word' id='word_1_31' title='bbox 373 761 542 842; x_wconf 86' lang='lat' dir='ltr'>petierunt.</span> <span class='ocrx_word' id='word_1_32' title='bbox 587 759 650 824; x_wconf 93' lang='lat' dir='ltr'>Pro</span> <span class='ocrx_word' id='word_1_33' title='bbox 666 760 716 824; x_wconf 90' lang='lat' dir='ltr'>his</span> <span class='ocrx_word' id='word_1_34' title='bbox 731 760 968 825; x_wconf 78' lang='lat' dir='ltr'>Diviciacus-</span> <span class='ocrx_word' id='word_1_35' title='bbox 981 781 1055 823; x_wconf 87' lang='lat' dir='ltr'>uam</span> <span class='ocrx_word' id='word_1_36' title='bbox 1071 765 1143 844; x_wconf 87' lang='lat' dir='ltr'>post</span> <span class='ocrx_word' id='word_1_37' title='bbox 1159 761 1304 826; x_wconf 87' lang='lat' dir='ltr'>disces-1</span> 
     </span>
     <span class='ocr_line' id='line_1_6' title="bbox 204 866 1277 951; baseline 0.002 -22"><span class='ocrx_word' id='word_1_38' title='bbox 204 886 274 929; x_wconf 88' lang='lat' dir='ltr'>sum</span> <span class='ocrx_word' id='word_1_39' title='bbox 298 866 472 950; x_wconf 79' lang='lat' dir='ltr'>Belgarum</span> <span class='ocrx_word' id='word_1_40' title='bbox 505 868 646 930; x_wconf 87' lang='lat' dir='ltr'>dimissis</span> <span class='ocrx_word' id='word_1_41' title='bbox 672 867 884 933; x_wconf 85' lang='lat' dir='ltr'>Haeduorum</span> <span class='ocrx_word' id='word_1_42' title='bbox 917 869 1016 951; x_wconf 89' lang='lat' dir='ltr'>copiis</span> <span class='ocrx_word' id='word_1_43' title='bbox 1049 867 1089 930; x_wconf 91' lang='lat' dir='ltr'>ad</span> <span class='ocrx_word' id='word_1_44' title='bbox 1122 885 1196 931; x_wconf 91' lang='lat' dir='ltr'>eum</span> <span class='ocrx_word' id='word_1_45' title='bbox 1227 887 1277 931; x_wconf 88' lang='lat' dir='ltr'>re-</span> 
     </span>
     <span class='ocr_line' id='line_1_7' title="bbox 176 973 1276 1057; baseline 0.003 -21"><span class='ocrx_word' id='word_1_46' title='bbox 176 978 341 1037; x_wconf 78' lang='lat' dir='ltr'>averterat</span> <span class='ocrx_word' id='word_1_47' title='bbox 364 1011 406 1020; x_wconf 89' lang='lat'><em>-</em></span> <span class='ocrx_word' id='word_1_48' title='bbox 430 973 505 1036; x_wconf 90' lang='lat' dir='ltr'>facit</span> <span class='ocrx_word' id='word_1_49' title='bbox 526 973 637 1037; x_wconf 78' lang='lat' dir='ltr'>verba:</span> <span class='ocrx_word' id='word_1_50' title='bbox 666 974 855 1039; x_wconf 85' lang='lat' dir='ltr'>Bellovacos</span> <span class='ocrx_word' id='word_1_51' title='bbox 879 976 967 1037; x_wconf 89' lang='lat' dir='ltr'>omni</span> <span class='ocrx_word' id='word_1_52' title='bbox 990 979 1132 1057; x_wconf 89' lang='lat' dir='ltr'>tempore</span> <span class='ocrx_word' id='word_1_53' title='bbox 1153 975 1190 1037; x_wconf 90' lang='lat' dir='ltr'>in</span> <span class='ocrx_word' id='word_1_54' title='bbox 1212 973 1276 1039; x_wconf 92' lang='lat' dir='ltr'>fide</span> 
     </span>
     <span class='ocr_line' id='line_1_8' title="bbox 176 1080 1276 1164; baseline 0.002 -21"><span class='ocrx_word' id='word_1_55' title='bbox 176 1085 300 1163; x_wconf 82' lang='lat' dir='ltr'>satque</span> <span class='ocrx_word' id='word_1_56' title='bbox 324 1080 466 1144; x_wconf 88' lang='lat' dir='ltr'>amicitia</span> <span class='ocrx_word' id='word_1_57' title='bbox 488 1082 626 1145; x_wconf 87' lang='lat' dir='ltr'>civitatis</span> <span class='ocrx_word' id='word_1_58' title='bbox 648 1080 802 1145; x_wconf 89' lang='lat' dir='ltr'>Haeduae</span> <span class='ocrx_word' id='word_1_59' title='bbox 826 1081 938 1160; x_wconf 80' lang='lat' dir='ltr'>fuissc3</span> <span class='ocrx_word' id='word_1_60' title='bbox 966 1081 1122 1164; x_wconf 86' lang='lat' dir='ltr'>impulsos</span> <span class='ocrx_word' id='word_1_61' title='bbox 1145 1081 1184 1143; x_wconf 90' lang='lat' dir='ltr'>ab</span> <span class='ocrx_word' id='word_1_62' title='bbox 1209 1082 1276 1145; x_wconf 90' lang='lat' dir='ltr'>suis</span> 
     </span>
     <span class='ocr_line' id='line_1_9' title="bbox 202 1187 1304 1271; baseline 0.005 -23"><span class='ocrx_word' id='word_1_63' title='bbox 202 1187 415 1270; x_wconf 86' lang='lat' dir='ltr'>principibus,</span> <span class='ocrx_word' id='word_1_64' title='bbox 444 1189 500 1271; x_wconf 92' lang='lat' dir='ltr'>qui</span> <span class='ocrx_word' id='word_1_65' title='bbox 528 1189 672 1251; x_wconf 78' lang='lat' dir='ltr'>dicerent</span> <span class='ocrx_word' id='word_1_66' title='bbox 698 1188 852 1252; x_wconf 86' lang='lat' dir='ltr'>Haeduos</span> <span class='ocrx_word' id='word_1_67' title='bbox 875 1209 894 1251; x_wconf 87' lang='lat' dir='ltr'>a</span> <span class='ocrx_word' id='word_1_68' title='bbox 917 1188 1050 1253; x_wconf 77' lang='lat' dir='ltr'>Caesare</span> <span class='ocrx_word' id='word_1_69' title='bbox 1078 1189 1112 1251; x_wconf 90' lang='lat' dir='ltr'>in</span> <span class='ocrx_word' id='word_1_70' title='bbox 1140 1190 1304 1254; x_wconf 80' lang='lat' dir='ltr'>servitu-s</span> 
     </span>
     <span class='ocr_line' id='line_1_10' title="bbox 203 1293 1276 1379; baseline 0.004 -23"><span class='ocrx_word' id='word_1_71' title='bbox 203 1300 269 1357; x_wconf 89' lang='lat' dir='ltr'>tem</span> <span class='ocrx_word' id='word_1_72' title='bbox 292 1293 437 1357; x_wconf 88' lang='lat' dir='ltr'>redactos</span> <span class='ocrx_word' id='word_1_73' title='bbox 461 1314 572 1359; x_wconf 89' lang='lat' dir='ltr'>omnes</span> <span class='ocrx_word' id='word_1_74' title='bbox 595 1296 801 1378; x_wconf 86' lang='lat' dir='ltr'>indignitates</span> <span class='ocrx_word' id='word_1_75' title='bbox 829 1295 1105 1378; x_wconf 86' lang='lat' dir='ltr'>contumeliasque</span> <span class='ocrx_word' id='word_1_76' title='bbox 1128 1297 1276 1379; x_wconf 86' lang='lat' dir='ltr'>perferre,</span> 
     </span>
     <span class='ocr_line' id='line_1_11' title="bbox 204 1400 1276 1485; baseline 0.002 -22"><span class='ocrx_word' id='word_1_77' title='bbox 204 1406 235 1463; x_wconf 88' lang='lat' dir='ltr'>et</span> <span class='ocrx_word' id='word_1_78' title='bbox 257 1400 296 1463; x_wconf 91' lang='lat' dir='ltr'>ab</span> <span class='ocrx_word' id='word_1_79' title='bbox 320 1401 464 1464; x_wconf 88' lang='lat' dir='ltr'>Haeduis</span> <span class='ocrx_word' id='word_1_80' title='bbox 488 1401 641 1466; x_wconf 87' lang='lat' dir='ltr'>defecisse</span> <span class='ocrx_word' id='word_1_81' title='bbox 671 1407 702 1465; x_wconf 90' lang='lat' dir='ltr'>et</span> <span class='ocrx_word' id='word_1_82' title='bbox 729 1402 847 1485; x_wconf 89' lang='lat' dir='ltr'>populo</span> <span class='ocrx_word' id='word_1_83' title='bbox 871 1403 1016 1467; x_wconf 92' lang='lat' dir='ltr'>Romano</span> <span class='ocrx_word' id='word_1_84' title='bbox 1039 1402 1161 1466; x_wconf 90' lang='lat' dir='ltr'>bellum</span> <span class='ocrx_word' id='word_1_85' title='bbox 1188 1403 1276 1465; x_wconf 93' lang='lat' dir='ltr'>intu-</span> 
     </span>
     <span class='ocr_line' id='line_1_12' title="bbox 175 1508 1276 1592; baseline 0.005 -24"><span class='ocrx_word' id='word_1_86' title='bbox 175 1508 286 1575; x_wconf 73' lang='lat' dir='ltr'>alisse.</span> <span class='ocrx_word' id='word_1_87' title='bbox 334 1509 390 1590; x_wconf 91' lang='lat' dir='ltr'>qui</span> <span class='ocrx_word' id='word_1_88' title='bbox 413 1509 483 1571; x_wconf 89' lang='lat' dir='ltr'>eius</span> <span class='ocrx_word' id='word_1_89' title='bbox 506 1509 633 1572; x_wconf 88' lang='lat' dir='ltr'>consilii</span> <span class='ocrx_word' id='word_1_90' title='bbox 647 1511 808 1592; x_wconf 88' lang='lat' dir='ltr'>principes</span> <span class='ocrx_word' id='word_1_91' title='bbox 828 1509 976 1590; x_wconf 89' lang='lat' dir='ltr'>fuissent,</span> <span class='ocrx_word' id='word_1_92' title='bbox 1001 1510 1088 1592; x_wconf 92' lang='lat' dir='ltr'>quod</span> <span class='ocrx_word' id='word_1_93' title='bbox 1109 1509 1276 1592; x_wconf 86' lang='lat' dir='ltr'>intellege-</span> 
     </span>
     <span class='ocr_line' id='line_1_13' title="bbox 203 1615 1276 1697; baseline 0 -19"><span class='ocrx_word' id='word_1_94' title='bbox 203 1619 288 1695; x_wconf 82' lang='lat' dir='ltr'>rent,</span> <span class='ocrx_word' id='word_1_95' title='bbox 311 1620 465 1697; x_wconf 85' lang='lat' dir='ltr'>quautam</span> <span class='ocrx_word' id='word_1_96' title='bbox 488 1615 700 1680; x_wconf 86' lang='lat' dir='ltr'>calamitatem</span> <span class='ocrx_word' id='word_1_97' title='bbox 723 1617 846 1679; x_wconf 79' lang='lat' dir='ltr'>civitati</span> <span class='ocrx_word' id='word_1_98' title='bbox 868 1617 1064 1694; x_wconf 81' lang='lat' dir='ltr'>intulissent,</span> <span class='ocrx_word' id='word_1_99' title='bbox 1090 1617 1125 1679; x_wconf 94' lang='lat' dir='ltr'>in</span> <span class='ocrx_word' id='word_1_100' title='bbox 1148 1616 1276 1679; x_wconf 84' lang='lat' dir='ltr'>Britan-</span> 
     </span>
     <span class='ocr_line' id='line_1_14' title="bbox 156 1722 1318 1805; baseline 0.003 -20"><span class='ocrx_word' id='word_1_101' title='bbox 156 1722 291 1785; x_wconf 69' lang='lat' dir='ltr'>suiam</span> <span class='ocrx_word' id='word_1_102' title='bbox 312 1722 499 1805; x_wconf 87' lang='lat' dir='ltr'>profugisse.</span> <span class='ocrx_word' id='word_1_103' title='bbox 522 1727 629 1805; x_wconf 89' lang='lat' dir='ltr'>petere</span> <span class='ocrx_word' id='word_1_104' title='bbox 653 1742 719 1786; x_wconf 91' lang='lat' dir='ltr'>non</span> <span class='ocrx_word' id='word_1_105' title='bbox 743 1722 847 1786; x_wconf 89' lang='lat' dir='ltr'>solum</span> <span class='ocrx_word' id='word_1_106' title='bbox 869 1723 1071 1804; x_wconf 79' lang='lat' dir='ltr'>Bellovacos,</span> <span class='ocrx_word' id='word_1_107' title='bbox 1099 1723 1155 1786; x_wconf 89' lang='lat' dir='ltr'>sed</span> <span class='ocrx_word' id='word_1_108' title='bbox 1179 1724 1276 1787; x_wconf 88' lang='lat' dir='ltr'>otiam</span> <span class='ocrx_word' id='word_1_109' title='bbox 1290 1746 1318 1788; x_wconf 87' lang='lat' dir='ltr'>ro</span> 
     </span>
     <span class='ocr_line' id='line_1_15' title="bbox 203 1828 1274 1911; baseline 0.001 -20"><span class='ocrx_word' id='word_1_110' title='bbox 203 1848 260 1911; x_wconf 92' lang='lat' dir='ltr'>pro</span> <span class='ocrx_word' id='word_1_111' title='bbox 287 1828 338 1891; x_wconf 89' lang='lat' dir='ltr'>his</span> <span class='ocrx_word' id='word_1_112' title='bbox 364 1828 530 1909; x_wconf 76' lang='lat' dir='ltr'>Haeduos,</span> <span class='ocrx_word' id='word_1_113' title='bbox 558 1835 595 1891; x_wconf 90' lang='lat' dir='ltr'>ut</span> <span class='ocrx_word' id='word_1_114' title='bbox 622 1849 681 1892; x_wconf 90' lang='lat' dir='ltr'>sua</span> <span class='ocrx_word' id='word_1_115' title='bbox 708 1829 879 1893; x_wconf 88' lang='lat' dir='ltr'>clementia</span> <span class='ocrx_word' id='word_1_116' title='bbox 906 1850 942 1892; x_wconf 90' lang='lat' dir='ltr'>ao</span> <span class='ocrx_word' id='word_1_117' title='bbox 970 1830 1216 1894; x_wconf 89' lang='lat' dir='ltr'>mansuetudine</span> <span class='ocrx_word' id='word_1_118' title='bbox 1239 1831 1274 1892; x_wconf 93' lang='lat' dir='ltr'>in</span> 
     </span>
     <span class='ocr_line' id='line_1_16' title="bbox 176 1935 1274 2019; baseline 0.002 -20"><span class='ocrx_word' id='word_1_119' title='bbox 176 1955 258 2000; x_wconf 83' lang='lat' dir='ltr'>aeos</span> <span class='ocrx_word' id='word_1_120' title='bbox 282 1942 398 2000; x_wconf 86' lang='lat' dir='ltr'>utatur.</span> <span class='ocrx_word' id='word_1_121' title='bbox 433 1937 519 2019; x_wconf 94' lang='lat' dir='ltr'>quod</span> <span class='ocrx_word' id='word_1_122' title='bbox 535 1937 563 1999; x_wconf 92' lang='lat' dir='ltr'>si</span> <span class='ocrx_word' id='word_1_123' title='bbox 577 1936 701 2018; x_wconf 86' lang='lat' dir='ltr'>fecerit,</span> <span class='ocrx_word' id='word_1_124' title='bbox 724 1935 935 2000; x_wconf 86' lang='lat' dir='ltr'>Haeduorum</span> <span class='ocrx_word' id='word_1_125' title='bbox 951 1937 1173 2000; x_wconf 87' lang='lat' dir='ltr'>auctoritatem</span> <span class='ocrx_word' id='word_1_126' title='bbox 1188 1938 1274 2019; x_wconf 91' lang='lat' dir='ltr'>apud</span> 
     </span>
     <span class='ocr_line' id='line_1_17' title="bbox 204 2043 1274 2127; baseline 0.001 -22"><span class='ocrx_word' id='word_1_127' title='bbox 204 2062 314 2107; x_wconf 88' lang='lat' dir='ltr'>omues</span> <span class='ocrx_word' id='word_1_128' title='bbox 329 2043 446 2126; x_wconf 83' lang='lat' dir='ltr'>Belgas</span> <span class='ocrx_word' id='word_1_129' title='bbox 469 2043 750 2126; x_wconf 85' lang='lat' dir='ltr'>amplificaturum,</span> <span class='ocrx_word' id='word_1_130' title='bbox 774 2062 912 2125; x_wconf 89' lang='lat' dir='ltr'>quorum</span> <span class='ocrx_word' id='word_1_131' title='bbox 936 2044 1065 2106; x_wconf 84' lang='lat' dir='ltr'>auxiliis</span> <span class='ocrx_word' id='word_1_132' title='bbox 1088 2048 1183 2126; x_wconf 89' lang='lat' dir='ltr'>atque</span> <span class='ocrx_word' id='word_1_133' title='bbox 1207 2045 1274 2127; x_wconf 92' lang='lat' dir='ltr'>opi-</span> 
     </span>
     <span class='ocr_line' id='line_1_18' title="bbox 149 2149 1301 2234; baseline -0.001 -18"><span class='ocrx_word' id='word_1_134' title='bbox 149 2150 273 2231; x_wconf 73' lang='lat' dir='ltr'>rebus,</span> <span class='ocrx_word' id='word_1_135' title='bbox 296 2151 323 2212; x_wconf 89' lang='lat' dir='ltr'>si</span> <span class='ocrx_word' id='word_1_136' title='bbox 347 2170 409 2234; x_wconf 88' lang='lat' dir='ltr'>qua</span> <span class='ocrx_word' id='word_1_137' title='bbox 433 2151 516 2214; x_wconf 89' lang='lat' dir='ltr'>bella</span> <span class='ocrx_word' id='word_1_138' title='bbox 531 2151 712 2232; x_wconf 87' lang='lat' dir='ltr'>inciderint,</span> <span class='ocrx_word' id='word_1_139' title='bbox 736 2155 914 2214; x_wconf 89' lang='lat' dir='ltr'>sustentare</span> <span class='ocrx_word' id='word_1_140' title='bbox 931 2153 1125 2214; x_wconf 85' lang='lat' dir='ltr'>consuerint</span> <span class='ocrx_word' id='word_1_141' title='bbox 1159 2149 1301 2215; x_wconf 84' lang='lat' dir='ltr'>Caesarr</span> 
     </span>
     <span class='ocr_line' id='line_1_19' title="bbox 202 2256 1275 2341; baseline 0.002 -23"><span class='ocrx_word' id='word_1_142' title='bbox 202 2257 332 2320; x_wconf 91' lang='lat' dir='ltr'>honoris</span> <span class='ocrx_word' id='word_1_143' title='bbox 347 2256 506 2320; x_wconf 85' lang='lat' dir='ltr'>Diviciaci</span> <span class='ocrx_word' id='word_1_144' title='bbox 521 2262 618 2339; x_wconf 87' lang='lat' dir='ltr'>atque</span> <span class='ocrx_word' id='word_1_145' title='bbox 633 2258 844 2321; x_wconf 87' lang='lat' dir='ltr'>Haeduorum</span> <span class='ocrx_word' id='word_1_146' title='bbox 859 2277 955 2321; x_wconf 87' lang='lat' dir='ltr'>eausa</span> <span class='ocrx_word' id='word_1_147' title='bbox 970 2276 1040 2322; x_wconf 88' lang='lat' dir='ltr'>sese</span> <span class='ocrx_word' id='word_1_148' title='bbox 1055 2278 1109 2341; x_wconf 83' lang='lat' dir='ltr'>eos</span> <span class='ocrx_word' id='word_1_149' title='bbox 1126 2259 1162 2321; x_wconf 93' lang='lat' dir='ltr'>in</span> <span class='ocrx_word' id='word_1_150' title='bbox 1177 2256 1275 2321; x_wconf 90' lang='lat' dir='ltr'>fidem</span> 
     </span>
     <span class='ocr_line' id='line_1_20' title="bbox 201 2365 1273 2447; baseline 0.003 -21"><span class='ocrx_word' id='word_1_151' title='bbox 201 2370 407 2447; x_wconf 87' lang='lat' dir='ltr'>recepturum</span> <span class='ocrx_word' id='word_1_152' title='bbox 431 2369 463 2427; x_wconf 91' lang='lat' dir='ltr'>et</span> <span class='ocrx_word' id='word_1_153' title='bbox 486 2370 750 2428; x_wconf 89' lang='lat' dir='ltr'>conservaturum</span> <span class='ocrx_word' id='word_1_154' title='bbox 773 2365 868 2446; x_wconf 87' lang='lat' dir='ltr'>dixit,</span> <span class='ocrx_word' id='word_1_155' title='bbox 897 2370 928 2428; x_wconf 90' lang='lat' dir='ltr'>et</span> <span class='ocrx_word' id='word_1_156' title='bbox 956 2365 1043 2447; x_wconf 90' lang='lat' dir='ltr'>quod</span> <span class='ocrx_word' id='word_1_157' title='bbox 1071 2370 1139 2428; x_wconf 89' lang='lat' dir='ltr'>erat</span> <span class='ocrx_word' id='word_1_158' title='bbox 1161 2367 1273 2429; x_wconf 88' lang='lat' dir='ltr'>civitas</span> 
     </span>
     <span class='ocr_line' id='line_1_21' title="bbox 202 2471 1273 2555; baseline 0.002 -22"><span class='ocrx_word' id='word_1_159' title='bbox 202 2491 317 2555; x_wconf 85' lang='lat' dir='ltr'>magna</span> <span class='ocrx_word' id='word_1_160' title='bbox 340 2473 423 2535; x_wconf 89' lang='lat' dir='ltr'>inter</span> <span class='ocrx_word' id='word_1_161' title='bbox 437 2471 554 2555; x_wconf 90' lang='lat' dir='ltr'>Belgas</span> <span class='ocrx_word' id='word_1_162' title='bbox 570 2474 756 2536; x_wconf 89' lang='lat' dir='ltr'>auctoritate</span> <span class='ocrx_word' id='word_1_163' title='bbox 772 2479 867 2553; x_wconf 90' lang='lat' dir='ltr'>atque</span> <span class='ocrx_word' id='word_1_164' title='bbox 877 2472 1052 2535; x_wconf 81' lang='lat' dir='ltr'>-hominum</span> <span class='ocrx_word' id='word_1_165' title='bbox 1066 2472 1273 2536; x_wconf 90' lang='lat' dir='ltr'>multitudine</span> 
     </span>
     <span class='ocr_line' id='line_1_22' title="bbox 175 2576 1300 2661; baseline 0.004 -22"><span class='ocrx_word' id='word_1_166' title='bbox 175 2578 395 2660; x_wconf 84' lang='lat' dir='ltr'>apraestabat,</span> <span class='ocrx_word' id='word_1_167' title='bbox 418 2576 473 2641; x_wconf 79' lang='grc' dir='ltr'>ΒΟ</span> <span class='ocrx_word' id='word_1_168' title='bbox 498 2579 624 2641; x_wconf 90' lang='lat' dir='ltr'>obsides</span> <span class='ocrx_word' id='word_1_169' title='bbox 646 2579 799 2661; x_wconf 90' lang='lat' dir='ltr'>poposcit.</span> <span class='ocrx_word' id='word_1_170' title='bbox 847 2578 896 2642; x_wconf 92' lang='lat' dir='ltr'>his</span> <span class='ocrx_word' id='word_1_171' title='bbox 913 2578 1037 2641; x_wconf 88' lang='lat' dir='ltr'>traditis</span> <span class='ocrx_word' id='word_1_172' title='bbox 1057 2579 1300 2661; x_wconf 81' lang='lat' dir='ltr'>omnibusques</span> 
     </span>
     <span class='ocr_line' id='line_1_23' title="bbox 202 2684 1273 2768; baseline 0.002 -21"><span class='ocrx_word' id='word_1_173' title='bbox 202 2686 299 2748; x_wconf 89' lang='lat' dir='ltr'>armis</span> <span class='ocrx_word' id='word_1_174' title='bbox 322 2705 365 2749; x_wconf 89' lang='lat' dir='ltr'>ex</span> <span class='ocrx_word' id='word_1_175' title='bbox 381 2685 497 2768; x_wconf 89' lang='lat' dir='ltr'>oppido</span> <span class='ocrx_word' id='word_1_176' title='bbox 515 2686 647 2748; x_wconf 90' lang='lat' dir='ltr'>conlatis</span> <span class='ocrx_word' id='word_1_177' title='bbox 671 2685 710 2748; x_wconf 90' lang='lat' dir='ltr'>ab</span> <span class='ocrx_word' id='word_1_178' title='bbox 734 2704 771 2749; x_wconf 88' lang='lat' dir='ltr'>eo</span> <span class='ocrx_word' id='word_1_179' title='bbox 787 2686 858 2747; x_wconf 88' lang='lat' dir='ltr'>loco</span> <span class='ocrx_word' id='word_1_180' title='bbox 881 2687 916 2747; x_wconf 91' lang='lat' dir='ltr'>in</span> <span class='ocrx_word' id='word_1_181' title='bbox 939 2684 1020 2749; x_wconf 89' lang='lat' dir='ltr'>fines</span> <span class='ocrx_word' id='word_1_182' title='bbox 1038 2684 1273 2749; x_wconf 82' lang='lat' dir='ltr'>Ambianorum</span> 
     </span>
     <span class='ocr_line' id='line_1_24' title="bbox 202 2791 1304 2876; baseline -0.001 -21"><span class='ocrx_word' id='word_1_183' title='bbox 202 2794 361 2876; x_wconf 69' lang='lat' dir='ltr'>pervenit,</span> <span class='ocrx_word' id='word_1_184' title='bbox 387 2795 500 2875; x_wconf 84' lang='lat' dir='ltr'>quise</span> <span class='ocrx_word' id='word_1_185' title='bbox 525 2811 645 2874; x_wconf 88' lang='lat' dir='ltr'>suaque</span> <span class='ocrx_word' id='word_1_186' title='bbox 670 2791 779 2855; x_wconf 90' lang='lat' dir='ltr'>omnia</span> <span class='ocrx_word' id='word_1_187' title='bbox 802 2793 870 2855; x_wconf 87' lang='lat' dir='ltr'>sine</span> <span class='ocrx_word' id='word_1_188' title='bbox 890 2811 980 2854; x_wconf 88' lang='lat' dir='ltr'>mora</span> <span class='ocrx_word' id='word_1_189' title='bbox 1004 2792 1205 2857; x_wconf 90' lang='lat' dir='ltr'>dediderunt.</span> <span class='ocrx_word' id='word_1_190' title='bbox 1251 2822 1254 2827; x_wconf 52' lang='grc'><strong>’</strong></span> <span class='ocrx_word' id='word_1_191' title='bbox 1301 2857 1304 2861; x_wconf 73' lang='grc'><strong>,</strong></span> 
     </span>
     <span class='ocr_line' id='line_1_25' title="bbox 174 2897 1274 2982; baseline 0.005 -24"><span class='ocrx_word' id='word_1_192' title='bbox 174 2918 188 2958; x_wconf 83' lang='lat' dir='ltr'>s</span> <span class='ocrx_word' id='word_1_193' title='bbox 291 2897 412 2963; x_wconf 86' lang='lat' dir='ltr'>Horum</span> <span class='ocrx_word' id='word_1_194' title='bbox 438 2897 519 2962; x_wconf 89' lang='lat' dir='ltr'>fines</span> <span class='ocrx_word' id='word_1_195' title='bbox 546 2898 657 2962; x_wconf 88' lang='lat' dir='ltr'>Nervii</span> <span class='ocrx_word' id='word_1_196' title='bbox 686 2899 891 2982; x_wconf 87' lang='lat' dir='ltr'>attingebant.</span> <span class='ocrx_word' id='word_1_197' title='bbox 934 2911 1072 2982; x_wconf 92' lang='lat' dir='ltr'>quorum</span> <span class='ocrx_word' id='word_1_198' title='bbox 1095 2900 1134 2963; x_wconf 91' lang='lat' dir='ltr'>de</span> <span class='ocrx_word' id='word_1_199' title='bbox 1156 2905 1274 2964; x_wconf 85' lang='lat' dir='ltr'>natura</span> 
     </span>
     <span class='ocr_line' id='line_1_26' title="bbox 174 3005 1273 3089; baseline 0.005 -25"><span class='ocrx_word' id='word_1_200' title='bbox 174 3006 411 3087; x_wconf 72' lang='lat' dir='ltr'>amoribusque</span> <span class='ocrx_word' id='word_1_201' title='bbox 427 3005 543 3069; x_wconf 83' lang='lat' dir='ltr'>Caesar</span> <span class='ocrx_word' id='word_1_202' title='bbox 565 3025 639 3068; x_wconf 90' lang='lat' dir='ltr'>oum</span> <span class='ocrx_word' id='word_1_203' title='bbox 663 3010 842 3089; x_wconf 88' lang='lat' dir='ltr'>quaereret,</span> <span class='ocrx_word' id='word_1_204' title='bbox 867 3007 913 3069; x_wconf 90' lang='lat' dir='ltr'>sic</span> <span class='ocrx_word' id='word_1_205' title='bbox 928 3007 1118 3089; x_wconf 89' lang='lat' dir='ltr'>reperiebat:</span> <span class='ocrx_word' id='word_1_206' title='bbox 1143 3007 1273 3070; x_wconf 91' lang='lat' dir='ltr'>nullum</span> 
     </span>
     <span class='ocr_line' id='line_1_27' title="bbox 203 3112 1312 3197; baseline -0.002 -21"><span class='ocrx_word' id='word_1_207' title='bbox 203 3131 271 3176; x_wconf 88' lang='lat' dir='ltr'>esse</span> <span class='ocrx_word' id='word_1_208' title='bbox 284 3113 419 3182; x_wconf 66' lang='lat' dir='ltr'>‚aditum</span> <span class='ocrx_word' id='word_1_209' title='bbox 442 3112 559 3179; x_wconf 84' lang='lat' dir='ltr'>adeos</span> <span class='ocrx_word' id='word_1_210' title='bbox 581 3114 837 3194; x_wconf 51' lang='lat' dir='ltr'>mercatoribusp</span> <span class='ocrx_word' id='word_1_211' title='bbox 850 3113 933 3179; x_wconf 88' lang='lat' dir='ltr'>nihil</span> <span class='ocrx_word' id='word_1_212' title='bbox 954 3114 1021 3197; x_wconf 88' lang='lat' dir='ltr'>pati</span> <span class='ocrx_word' id='word_1_213' title='bbox 1043 3115 1111 3176; x_wconf 87' lang='lat' dir='ltr'>vini</span> <span class='ocrx_word' id='word_1_214' title='bbox 1132 3114 1312 3197; x_wconf 85' lang='lat' dir='ltr'>reliqua-10</span> 
     </span>
     <span class='ocr_line' id='line_1_28' title="bbox 128 3219 1273 3303; baseline 0.002 -22"><span class='ocrx_word' id='word_1_215' title='bbox 128 3230 132 3237; x_wconf 83' lang='lat'>&#39;</span> <span class='ocrx_word' id='word_1_216' title='bbox 201 3238 338 3302; x_wconf 87' lang='lat' dir='ltr'>rmnque</span> <span class='ocrx_word' id='word_1_217' title='bbox 361 3238 469 3282; x_wconf 92' lang='lat' dir='ltr'>rerum</span> <span class='ocrx_word' id='word_1_218' title='bbox 485 3219 526 3282; x_wconf 90' lang='lat' dir='ltr'>ad</span> <span class='ocrx_word' id='word_1_219' title='bbox 547 3220 712 3282; x_wconf 86' lang='lat' dir='ltr'>luxuriam</span> <span class='ocrx_word' id='word_1_220' title='bbox 727 3221 957 3303; x_wconf 87' lang='lat' dir='ltr'>pertinentium</span> <span class='ocrx_word' id='word_1_221' title='bbox 972 3219 1096 3301; x_wconf 87' lang='lat' dir='ltr'>inferri,</span> <span class='ocrx_word' id='word_1_222' title='bbox 1119 3220 1206 3303; x_wconf 92' lang='lat' dir='ltr'>quod</span> <span class='ocrx_word' id='word_1_223' title='bbox 1220 3221 1273 3284; x_wconf 87' lang='lat' dir='ltr'>his</span> 
     </span>
     <span class='ocr_line' id='line_1_29' title="bbox 201 3325 1273 3409; baseline 0.003 -21"><span class='ocrx_word' id='word_1_224' title='bbox 201 3326 297 3389; x_wconf 88' lang='lat' dir='ltr'>rebus</span> <span class='ocrx_word' id='word_1_225' title='bbox 328 3327 569 3409; x_wconf 90' lang='lat' dir='ltr'>relanguescere</span> <span class='ocrx_word' id='word_1_226' title='bbox 602 3327 727 3390; x_wconf 90' lang='lat' dir='ltr'>animos</span> <span class='ocrx_word' id='word_1_227' title='bbox 755 3325 891 3409; x_wconf 89' lang='lat' dir='ltr'>[eorum]</span> <span class='ocrx_word' id='word_1_228' title='bbox 912 3332 952 3390; x_wconf 88' lang='lat' dir='ltr'>et</span> <span class='ocrx_word' id='word_1_229' title='bbox 977 3328 1095 3390; x_wconf 87' lang='lat' dir='ltr'>remitti</span> <span class='ocrx_word' id='word_1_230' title='bbox 1120 3329 1273 3391; x_wconf 85' lang='lat' dir='ltr'>virtutem</span> 
     </span>
    </p>
   </div>
   <div class='ocr_carea' id='block_1_3' title="bbox 202 3624 1272 3786">
    <p class='ocr_par' dir='ltr' id='par_1_3' title="bbox 202 3624 1272 3786">
     <span class='ocr_line' id='line_1_30' title="bbox 291 3624 1272 3700; baseline -0.002 -18"><span class='ocrx_word' id='word_1_231' title='bbox 291 3628 337 3682; x_wconf 83' lang='lat'>14.</span> <span class='ocrx_word' id='word_1_232' title='bbox 356 3628 374 3680; x_wconf 90' lang='lat'>4</span> <span class='ocrx_word' id='word_1_233' title='bbox 392 3627 510 3680; x_wconf 88' lang='lat' dir='ltr'>haeduae</span> <span class='ocrx_word' id='word_1_234' title='bbox 523 3627 667 3695; x_wconf 71' lang='lat' dir='ltr'>ciuitatisp</span> <span class='ocrx_word' id='word_1_235' title='bbox 699 3628 708 3696; x_wconf 96' lang='grc'>11</span> <span class='ocrx_word' id='word_1_236' title='bbox 740 3629 755 3680; x_wconf 85' lang='lat'>5</span> <span class='ocrx_word' id='word_1_237' title='bbox 769 3643 785 3681; x_wconf 90' lang='lat' dir='ltr'>a</span> <span class='ocrx_word' id='word_1_238' title='bbox 798 3644 904 3681; x_wconf 87' lang='lat' dir='ltr'>caesare</span> <span class='ocrx_word' id='word_1_239' title='bbox 920 3627 1014 3695; x_wconf 73' lang='lat' dir='ltr'>SB²p;</span> <span class='ocrx_word' id='word_1_240' title='bbox 1033 3628 1067 3681; x_wconf 88' lang='lat' dir='ltr'>ad</span> <span class='ocrx_word' id='word_1_241' title='bbox 1079 3642 1214 3682; x_wconf 86' lang='lat' dir='ltr'>caesarem</span> <span class='ocrx_word' id='word_1_242' title='bbox 1228 3647 1246 3680; x_wconf 90' lang='grc' dir='ltr'><strong><em>α</em></strong></span> <span class='ocrx_word' id='word_1_243' title='bbox 1262 3624 1272 3700; x_wconf 91' lang='grc'>11</span> 
     </span>
     <span class='ocr_line' id='line_1_31' title="bbox 202 3716 1272 3786; baseline 0 -16"><span class='ocrx_word' id='word_1_244' title='bbox 202 3718 491 3783; x_wconf 71' lang='lat' dir='ltr'>domnesredactosp</span> <span class='ocrx_word' id='word_1_245' title='bbox 522 3718 531 3786; x_wconf 96' lang='grc'>11</span> <span class='ocrx_word' id='word_1_246' title='bbox 562 3717 650 3771; x_wconf 81' lang='lat' dir='ltr'>Seius</span> <span class='ocrx_word' id='word_1_247' title='bbox 664 3735 694 3784; x_wconf 73' lang='lat' dir='ltr'>a,</span> <span class='ocrx_word' id='word_1_248' title='bbox 713 3717 791 3769; x_wconf 88' lang='lat' dir='ltr'>huius</span> <span class='ocrx_word' id='word_1_249' title='bbox 803 3716 865 3784; x_wconf 67' lang='lat' dir='ltr'>B²p</span> <span class='ocrx_word' id='word_1_250' title='bbox 895 3722 904 3784; x_wconf 94' lang='grc'>11</span> <span class='ocrx_word' id='word_1_251' title='bbox 937 3719 968 3771; x_wconf 90' lang='grc'>11</span> <span class='ocrx_word' id='word_1_252' title='bbox 984 3717 1052 3786; x_wconf 78' lang='grc' dir='ltr'>ἰίεφ</span> <span class='ocrx_word' id='word_1_253' title='bbox 1083 3717 1092 3786; x_wconf 96' lang='grc'>11</span> <span class='ocrx_word' id='word_1_254' title='bbox 1124 3733 1173 3770; x_wconf 86' lang='lat' dir='ltr'>sua</span> <span class='ocrx_word' id='word_1_255' title='bbox 1189 3724 1272 3785; x_wconf 54' lang='lat' dir='ltr'>osup</span> 
     </span>
    </p>
   </div>
   <div class='ocr_carea' id='block_1_4' title="bbox 201 3839 1271 4269">
    <p class='ocr_par' dir='ltr' id='par_1_4' title="bbox 201 3839 1271 4269">
     <span class='ocr_line' id='line_1_32' title="bbox 291 3839 1271 3914; baseline 0 -19"><span class='ocrx_word' id='word_1_256' title='bbox 291 3842 336 3896; x_wconf 75' lang='lat'>15.</span> <span class='ocrx_word' id='word_1_257' title='bbox 360 3843 423 3894; x_wconf 79' lang='lat' dir='ltr'>set</span> <span class='ocrx_word' id='word_1_258' title='bbox 446 3842 517 3909; x_wconf 93' lang='lat' dir='ltr'>qnod</span> <span class='ocrx_word' id='word_1_259' title='bbox 539 3849 567 3908; x_wconf 86' lang='grc' dir='ltr'>β;</span> <span class='ocrx_word' id='word_1_260' title='bbox 597 3844 732 3895; x_wconf 72' lang='lat' dir='ltr'>storace</span> <span class='ocrx_word' id='word_1_261' title='bbox 765 3842 773 3909; x_wconf 96' lang='grc'>11</span> <span class='ocrx_word' id='word_1_262' title='bbox 804 3842 984 3895; x_wconf 72' lang='lat' dir='ltr'>thominum</span> <span class='ocrx_word' id='word_1_263' title='bbox 1008 3860 1039 3908; x_wconf 71' lang='lat' dir='ltr'>a,</span> <span class='ocrx_word' id='word_1_264' title='bbox 1057 3853 1160 3895; x_wconf 75' lang='lat' dir='ltr'>‘omnes</span> <span class='ocrx_word' id='word_1_265' title='bbox 1182 3839 1271 3914; x_wconf 63' lang='grc'>1171111</span> 
     </span>
     <span class='ocr_line' id='line_1_33' title="bbox 202 3929 1271 4002; baseline -0.001 -18"><span class='ocrx_word' id='word_1_266' title='bbox 202 3930 412 3999; x_wconf 83' lang='lat' dir='ltr'>5omnibusqno</span> <span class='ocrx_word' id='word_1_267' title='bbox 437 3949 467 3997; x_wconf 76' lang='lat' dir='ltr'>a,</span> <span class='ocrx_word' id='word_1_268' title='bbox 495 3929 561 3998; x_wconf 67' lang='lat' dir='ltr'>et&#39;fl</span> <span class='ocrx_word' id='word_1_269' title='bbox 591 3933 600 4000; x_wconf 95' lang='grc'>11</span> <span class='ocrx_word' id='word_1_270' title='bbox 632 3932 852 3986; x_wconf 83' lang='lat' dir='ltr'>6ambionorum</span> <span class='ocrx_word' id='word_1_271' title='bbox 875 3930 924 4000; x_wconf 81' lang='grc' dir='ltr'>φΑ</span> <span class='ocrx_word' id='word_1_272' title='bbox 960 3932 968 3998; x_wconf 97' lang='grc'>11</span> <span class='ocrx_word' id='word_1_273' title='bbox 1005 3931 1021 3984; x_wconf 87' lang='grc'><strong>9</strong></span> <span class='ocrx_word' id='word_1_274' title='bbox 1046 3946 1137 3984; x_wconf 87' lang='lat' dir='ltr'>caesar</span> <span class='ocrx_word' id='word_1_275' title='bbox 1155 3947 1207 3983; x_wconf 79' lang='lat' dir='ltr'>ora.</span> <span class='ocrx_word' id='word_1_276' title='bbox 1226 3937 1244 3998; x_wconf 76' lang='grc' dir='ltr'><strong><em>ῥ</em></strong></span> <span class='ocrx_word' id='word_1_277' title='bbox 1261 3929 1271 4002; x_wconf 95' lang='grc'>11</span> 
     </span>
     <span class='ocr_line' id='line_1_34' title="bbox 203 4018 1271 4090; baseline 0 -18"><span class='ocrx_word' id='word_1_278' title='bbox 203 4021 237 4075; x_wconf 88' lang='grc'>10</span> <span class='ocrx_word' id='word_1_279' title='bbox 254 4020 470 4087; x_wconf 71' lang='lat' dir='ltr'>esseaditurnp3</span> <span class='ocrx_word' id='word_1_280' title='bbox 489 4021 590 4075; x_wconf 89' lang='lat' dir='ltr'>aditum</span> <span class='ocrx_word' id='word_1_281' title='bbox 609 4038 668 4076; x_wconf 88' lang='lat' dir='ltr'>esse</span> <span class='ocrx_word' id='word_1_282' title='bbox 682 4042 700 4073; x_wconf 86' lang='lat' dir='ltr'>c</span> <span class='ocrx_word' id='word_1_283' title='bbox 732 4022 740 4090; x_wconf 96' lang='grc'>11</span> <span class='ocrx_word' id='word_1_284' title='bbox 773 4037 818 4074; x_wconf 91' lang='lat' dir='ltr'>eos</span> <span class='ocrx_word' id='word_1_285' title='bbox 838 4039 868 4088; x_wconf 72' lang='lat' dir='ltr'>a,</span> <span class='ocrx_word' id='word_1_286' title='bbox 887 4022 965 4087; x_wconf 69' lang='lat' dir='ltr'>hosp</span> <span class='ocrx_word' id='word_1_287' title='bbox 996 4022 1004 4089; x_wconf 95' lang='grc'>11</span> <span class='ocrx_word' id='word_1_288' title='bbox 1038 4021 1069 4072; x_wconf 95' lang='grc'>11</span> <span class='ocrx_word' id='word_1_289' title='bbox 1090 4021 1124 4074; x_wconf 87' lang='lat' dir='ltr'>ad</span> <span class='ocrx_word' id='word_1_290' title='bbox 1136 4018 1271 4073; x_wconf 86' lang='lat' dir='ltr'>luxuriam</span> 
     </span>
     <span class='ocr_line' id='line_1_35' title="bbox 201 4108 1271 4180; baseline 0.001 -18"><span class='ocrx_word' id='word_1_291' title='bbox 201 4110 389 4177; x_wconf 89' lang='lat' dir='ltr'>pertinentium</span> <span class='ocrx_word' id='word_1_292' title='bbox 407 4109 482 4177; x_wconf 65' lang='lat' dir='ltr'>Bur,</span> <span class='ocrx_word' id='word_1_293' title='bbox 502 4128 554 4165; x_wconf 83' lang='lat' dir='ltr'>om.</span> <span class='ocrx_word' id='word_1_294' title='bbox 575 4131 592 4162; x_wconf 87' lang='grc' dir='ltr'><strong><em>α</em></strong></span> <span class='ocrx_word' id='word_1_295' title='bbox 624 4112 632 4180; x_wconf 95' lang='grc'>11</span> <span class='ocrx_word' id='word_1_296' title='bbox 664 4111 697 4164; x_wconf 88' lang='lat' dir='ltr'>iis</span> <span class='ocrx_word' id='word_1_297' title='bbox 711 4130 728 4162; x_wconf 82' lang='lat' dir='ltr'>a</span> <span class='ocrx_word' id='word_1_298' title='bbox 760 4112 768 4179; x_wconf 95' lang='grc'>11</span> <span class='ocrx_word' id='word_1_299' title='bbox 802 4111 835 4163; x_wconf 85' lang='grc'>12</span> <span class='ocrx_word' id='word_1_300' title='bbox 849 4126 940 4164; x_wconf 86' lang='lat' dir='ltr'>eorum</span> <span class='ocrx_word' id='word_1_301' title='bbox 953 4110 1002 4163; x_wconf 83' lang='lat' dir='ltr'>del.</span> <span class='ocrx_word' id='word_1_302' title='bbox 1018 4109 1116 4164; x_wconf 83' lang='lat' dir='ltr'>Morus</span> <span class='ocrx_word' id='word_1_303' title='bbox 1148 4108 1157 4179; x_wconf 94' lang='grc'>11</span> <span class='ocrx_word' id='word_1_304' title='bbox 1189 4111 1271 4163; x_wconf 84' lang='lat' dir='ltr'>etre-</span> 
     </span>
     <span class='ocr_line' id='line_1_36' title="bbox 201 4198 818 4269; baseline 0.005 -18"><span class='ocrx_word' id='word_1_305' title='bbox 201 4198 271 4252; x_wconf 91' lang='lat' dir='ltr'>mitti</span> <span class='ocrx_word' id='word_1_306' title='bbox 288 4198 416 4265; x_wconf 71' lang='lat' dir='ltr'>uirtutem</span> <span class='ocrx_word' id='word_1_307' title='bbox 436 4217 467 4266; x_wconf 82' lang='lat' dir='ltr'>c;</span> <span class='ocrx_word' id='word_1_308' title='bbox 485 4200 664 4269; x_wconf 82' lang='lat' dir='ltr'>uirtutemque</span> <span class='ocrx_word' id='word_1_309' title='bbox 684 4200 783 4254; x_wconf 90' lang='lat' dir='ltr'>remitti</span> <span class='ocrx_word' id='word_1_310' title='bbox 800 4207 818 4267; x_wconf 76' lang='grc' dir='ltr'>β</span> 
     </span>
    </p>
   </div>
   <div class='ocr_carea' id='block_1_5' title="bbox 0 0 1466 4808">
    <p class='ocr_par' dir='ltr' id='par_1_5' title="bbox 0 0 1466 4808">
     <span class='ocr_line' id='line_1_37' title="bbox 0 0 1466 4808; baseline 0 2"><span class='ocrx_word' id='word_1_311' title='bbox 0 0 1466 4808; x_wconf 95' lang='lat' dir='ltr'> </span> 
     </span>
    </p>
   </div>
  </div>
 </body>
</html>
