2924 4808
205 263 266 324 106
603 275 707 329 BELLI
726 275 869 330 GALLICI

202 439 369 523 plumbum
394 438 502 502 album
525 440 560 501 in
575 439 815 502 mediterraneis
831 439 1027 522 regionibus,
1051 439 1084 501 in
1101 439 1271 502 maritimis

202 547 333 628 ferrum,
357 546 412 609 sed
437 547 506 609 eius
522 548 639 630 exigua
655 551 702 610 est
718 547 822 628 oopia3
847 566 919 610 aere
942 551 1078 610 utuntur
1092 547 1269 629 importato.

202 654 334 717 materia
361 654 518 734 cuiusque
546 655 671 736 generis
695 655 787 715 utin
812 652 914 716 Gallia
937 658 985 717 est
1007 658 1130 736 praeter
1160 651 1270 736 fagum

175 766 297 841 ratque
320 760 465 823 abietem.
512 759 651 843 leporem
675 766 707 823 et
729 759 881 842 gallinam
910 765 940 824 et
968 778 1113 824 anserem
1139 766 1270 843 gustare

200 868 248 930 fas
276 886 341 929 non
369 871 496 949 putant,
531 867 608 930 haee
641 873 748 931 tamen
780 866 869 929 alunt
901 868 1000 929 animi
1032 867 1270 950 voluptatisque
1286 890 1311 932 15

202 993 304 1037 eausa.
351 974 420 1037 looa
444 979 519 1037 sunt
541 974 763 1056 temperatiora
788 993 882 1055 quarn
907 976 941 1036 in
961 974 1064 1037 Gallia
1082 975 1272 1036 remissiori·

148 1094 185 1149 13
202 1080 263 1144 bus
286 1081 465 1163 frigoribus.
500 1080 610 1144 Insula
628 1087 743 1145 natura
762 1083 930 1163 triquetra,
955 1082 1047 1144 ouius
1066 1100 1169 1144 unum
1188 1080 1271 1143 latus
1287 1104 1298 1145 1

204 1194 252 1252 est
274 1192 385 1251 contra
408 1187 552 1251 Galliam.
599 1189 695 1251 huius
719 1189 828 1252 lateris
856 1188 935 1252 alter
957 1188 1107 1272 angulus,
1137 1188 1194 1269 qui
1224 1193 1273 1251 est

203 1296 242 1358 ad
267 1293 428 1377 Cantium,
452 1315 515 1376 quo
539 1295 604 1358 fere
629 1314 739 1359 omnes
758 1315 799 1359 ex
819 1295 1039 1358 Gallianates
1059 1293 1272 1378 adpelluntur,

203 1403 243 1465 ad
271 1403 425 1465 orientem
453 1402 565 1484 solem,
600 1401 730 1465 inferior
762 1402 802 1464 ad
836 1401 1002 1465 meridiem
1034 1405 1164 1484 spectat.
1212 1401 1273 1464 hoo

176 1510 287 1572 alatus
311 1513 397 1571 tenet
421 1509 545 1571 circiter
567 1509 657 1571 milia
679 1527 830 1591 passuum
853 1508 892 1572 D.
938 1508 1072 1572 alterum
1101 1509 1204 1591 vergit
1231 1508 1299 1573 ads

203 1613 392 1698 Hispaniam
426 1619 521 1698 atque
554 1614 751 1679 occidentem
783 1615 896 1694 solem,
932 1635 995 1696 qna
1028 1633 1070 1678 ex
1101 1620 1190 1698 parte
1224 1621 1273 1678 est

203 1721 359 1785 Hibernia
390 1722 508 1804 insula,
541 1722 671 1785 dimidio
705 1722 823 1801 minor,
861 1727 897 1784 ut
923 1723 1138 1803 existimatur,
1174 1741 1272 1803 quam

203 1830 382 1910 Britannia,
405 1829 462 1891 sed
484 1830 553 1912 pari
571 1829 672 1910 spatio
694 1830 899 1893 transmissus
923 1833 1018 1910 atque
1037 1847 1078 1892 ex
1098 1828 1201 1891 Gallia
1224 1832 1273 1892 est

176 1937 238 1998 eiu
269 1937 477 1999 Britanniam.
533 1937 567 1998 in
601 1936 661 1999 hoo
693 1936 801 2001 medio
835 1955 931 1999 eursu
963 1942 1010 2000 est
1036 1935 1155 2016 insula,
1189 1954 1272 2018 quae

203 2042 379 2125 appellatur
410 2041 519 2122 Mona,
554 2044 732 2126 complures
764 2048 927 2126 praeterea
958 2045 1096 2106 minores
1129 2042 1271 2107 obiectae
1287 2062 1313 2105 10

202 2149 326 2212 insulae
350 2151 584 2231 existimantur,
609 2149 648 2212 de
672 2150 790 2232 quibus
813 2151 927 2214 insulis
950 2149 1113 2213 nonnulli
1137 2150 1272 2232 seripse-

175 2261 280 2319 4runt
303 2255 371 2319 dies
394 2257 562 2319 continuos
582 2235 685 2320 XXX
708 2256 767 2320 sub
786 2257 930 2321 brumam
953 2275 1021 2320 esse
1042 2261 1177 2319 noctem.
1211 2275 1272 2319 nos

203 2363 284 2425 nibil
308 2364 347 2426 de
371 2382 407 2426 eo
431 2363 723 2446 percontationibus
746 2363 996 2447 reperiebamus,
1024 2365 1087 2426 nisi
1110 2363 1205 2426 certis
1230 2381 1272 2425 ex

203 2490 286 2551 aqua
308 2472 467 2534 mensuris
491 2469 651 2533 breviores
679 2490 869 2552 essequam
897 2472 930 2533 in
956 2471 1134 2534 continenti
1161 2474 1272 2533 noctes

176 2576 398 2640 svidebamus.
444 2577 542 2639 huius
571 2583 618 2640 est
645 2577 810 2660 longitudo
843 2577 963 2654 lateriS,
992 2583 1028 2640 ut
1054 2578 1116 2640 fert
1141 2576 1270 2639 illorum
1287 2593 1313 2637 15

176 2684 325 2767 oopini0,
357 2682 437 2747 DCC
465 2684 600 2746 milium.
651 2684 778 2747 tertium
812 2690 859 2747 est
892 2690 999 2747 eontra
1031 2684 1272 2766 septentriones,

203 2791 256 2852 oui
279 2791 362 2872 parti
385 2789 475 2852 nulla
498 2794 545 2854 est
569 2789 693 2854 obieeta
715 2795 813 2869 terra,
842 2791 900 2853 sed
927 2791 997 2853 eius
1026 2790 1163 2873 angulus
1192 2789 1273 2853 alter

203 2899 341 2960 maxime
358 2897 397 2959 ad
411 2896 614 2959 Germaniam
631 2902 757 2979 spectat.
781 2898 841 2961 hoo
857 2898 981 2960 milium
997 2917 1148 2980 passuum
1163 2895 1272 2960 DCC&

64 3053 73 3070 .
176 3005 237 3067 rin
260 3003 494 3086 longitudinem
519 3022 587 3067 esse
610 3005 817 3067 existimatur.
861 3006 905 3068 ita
924 3005 1026 3068 omnis
1045 3004 1150 3067 insula
1170 3009 1219 3068 est
1237 3005 1269 3066 in

97 3118 103 3127 ‘
149 3124 185 3176 14
203 3111 339 3173 oirouitu
363 3111 460 3173 vicies
484 3114 613 3173 centum
631 3110 756 3174 milium
777 3131 936 3194 passumu.
979 3110 1030 3174 Ex
1050 3111 1099 3173 bis
1121 3110 1300 3174 omnibusr

294 3303 326 3356 1⁶2
346 3303 403 3355 eius
422 3310 510 3370 onafl
552 3303 560 3371 11
603 3304 636 3356 14
655 3308 735 3373 atquo
755 3324 785 3371 «3
804 3306 866 3372 eta
906 3305 914 3372 11
957 3307 989 3358 15
1010 3303 1206 3372 uoluptatisquo
1227 3303 1271 3371 “sl

202 3390 399 3459 uoluntatisque
417 3397 435 3458 β

291 3481 336 3537 13.
357 3481 370 3532 1
391 3480 521 3548 triquetra
539 3480 577 3534 ed.
597 3484 624 3548 13
643 3482 771 3551 triquatra
790 3502 817 3553 [ις
836 3483 971 3551 triquadra
989 3500 1019 3547 o3
1038 3482 1144 3550 utrique
1164 3501 1201 3533 α-
1213 3483 1222 3551 11
1255 3483 1271 3536 5

203 3570 410 3637 latustenetfl3
430 3570 581 3637 pertineto
613 3571 622 3638 11
655 3571 777 3625 linsula
795 3589 847 3625 om.
869 3591 886 3623 u
918 3571 926 3639 11
958 3572 1045 3639 Soa
1070 3571 1078 3638 11
1106 3571 1140 3625 10
1154 3570 1272 3624 obiectae

202 3667 231 3727 ,93
251 3659 385 3713 subiectae
405 3678 422 3709 u
454 3659 463 3726 11
497 3659 527 3710 11
549 3660 581 3713 do
601 3660 696 3728 quibus
714 3661 754 3727 X,
773 3661 869 3729 quibus
889 3660 936 3729 (in)
957 3660 1082 3714 Eassrrer
1113 3659 1122 3728 11
1156 3659 1189 3712 12
1208 3659 1272 3712 bru·

203 3765 273 3803 mam
292 3749 407 3816 Foern.;
426 3747 521 3801 bruma
538 3748 569 3801 X
592 3753 601 3816 11
628 3750 661 3803 13
680 3750 973 3818 percunctationibusss
997 3755 1006 3818 11
1034 3750 1067 3802 14
1086 3751 1178 3803 noctes
1191 3764 1272 3817 quam

202 3840 230 3892 in
249 3838 428 3904 eontinentiss
467 3838 476 3901 11
520 3839 552 3890 15
576 3838 733 3893 uidebamus
752 3847 841 3906 onafi
881 3840 890 3907 11
932 3841 973 3894 15.
995 3840 1027 3894 16
1046 3841 1076 3892 ut
1099 3854 1192 3893 eorum
1220 3838 1273 3892 lert

204 3929 325 3997 opinion
365 3932 373 3994 11
416 3927 448 3979 17
468 3923 535 3978 alter
553 3925 686 3995 RMeape3
710 3927 799 3982 lateris
819 3928 857 3995 X,
877 3927 943 3982 alter
960 3927 1051 3982 lateris
1070 3927 1145 3981 Paul
1186 3928 1195 3992 11
1238 3928 1272 3981 18

203 4018 236 4070 ad
255 4022 344 4083 ooass
375 4017 383 4084 11
417 4015 473 4067 Hoc
493 4032 522 4080 “3
546 4013 653 4083 Huiofl
685 4017 693 4085 11
725 4017 829 4070 milium
852 4017 954 4084 Olorlo.;
974 4017 1026 4070 mil
1049 4035 1079 4084 a,
1098 4017 1171 4070 milia
1194 4015 1244 4084 ufb
1263 4015 1272 4087 11

205 4106 238 4159 19
257 4105 425 4158 existimatur
443 4121 474 4170 o;
492 4103 653 4157 arbitrantur
669 4112 687 4173 β
718 4108 726 4175 11
759 4107 794 4162 20
813 4109 954 4162 oentenunr
975 4106 1068 4176 (Aldu
1089 4106 1180 4160 Helm.

292 4197 337 4249 14.
358 4196 371 4246 l
392 4194 425 4247 iis
445 4214 462 4246 u
