2924 4808
807 104 819 132 0

98 286 105 299 '
192 292 233 354 20
449 279 450 284 ‘
591 307 698 362 111111
717 307 858 362 clamor

187 490 242 553 ¹ros
265 489 371 552 neque
394 476 611 551 recusaturos,
641 490 705 553 quo
732 472 840 534 minus
865 476 1018 554 perpetuo
1045 472 1103 535 sub
1129 473 1259 535 illorum
1304 459 1311 476 ’

162 577 317 642 edicione
336 583 432 659 atque
450 579 585 661 imperio
606 585 718 641 essent.
752 597 853 641 unum
872 597 905 641 se
925 597 994 642 csse
1015 598 1056 642 ex
1076 581 1171 641 omni
1180 581 1258 642 civi·
1330 597 1335 605 ·

190 690 252 747 tate
276 682 498 764 Haeduorum,
523 685 579 766 qui
602 684 719 747 adduci
742 704 809 749 non
824 686 976 768 potuerit,
999 693 1037 748 ut
1060 687 1180 749 iuraret
1205 694 1260 749 aut

163 789 306 855 oliberes
331 781 407 853 'suos
435 791 562 854 obsides
591 791 686 854 daret.
735 790 774 854 ob
804 811 874 855 eam
902 811 969 854 rem
998 812 1031 856 se
1060 811 1101 854 ex
1130 794 1259 856 civitate

189 898 368 981 profugisse
392 902 423 960 et
441 897 576 960 Romam
600 898 640 960 ad
661 903 808 962 senatum
826 900 954 969 venisse
974 899 1132 962 auxilium
1150 906 1258 982 postu·
1272 924 1300 966 so

191 1005 302 1086 latum,
337 1004 423 1086 quod
451 1005 538 1067 solus
566 1024 670 1088 neque
699 1007 770 1068 iure
797 1005 931 1068 iurando
961 1024 1065 1087 neque
1093 1006 1259 1070 obsidibus

146 1137 177 1181 1ο
192 1120 360 1175 teneretur.
407 1111 463 1175 sed
491 1114 583 1195 peius
610 1112 786 1176 victoribus
810 1111 965 1195 Sequanis
994 1132 1090 1193 quam
1113 1113 1259 1177 Haeduis

191 1218 283 1280 victis
308 1219 474 1300 accidisse,
497 1229 663 1303 propterea
683 1219 768 1301 quod
788 1220 982 1300 Ariovistus,
1007 1219 1258 1283 1116111111-

190 1345 273 1407 rum,
296 1328 331 1388 in
355 1345 466 1389 eorum
484 1325 603 1389 finibus
622 1327 819 1390 consedisset
838 1328 1027 1409 tertiamque
1046 1333 1167 1410 partem
1192 1328 1260 1410 agri

191 1429 346 1514 Sequani,
370 1434 527 1514 quiesset
551 1435 689 1516 optimus
713 1434 811 1496 totius
829 1432 962 1513 Galliae,
987 1435 1206 1516 occupavisset
1228 1442 1299 1498 ctas

116 1546 120 1553 '
190 1558 278 1601 nuno
312 1540 350 1602 de
380 1540 478 1603 altera
506 1547 595 1624 parte
623 1541 717 1603 tertia
745 1537 909 1622 Sequanos
942 1540 1094 1603 decedere
1127 1541 1259 1623 iuberet,

189 1654 356 1729 propterea
380 1646 466 1728 quod
488 1649 599 1730 paucis
621 1646 786 1710 mensibus
810 1654 883 1709 ante
901 1647 1072 1709 Harudum
1096 1648 1185 1710 milia
1203 1649 1259 1710 ho·

191 1754 315 1815 minum
335 1752 469 1816 XXIIII
494 1753 533 1816 ad
558 1773 632 1817 eum
656 1755 831 1834 venissent,
856 1754 974 1835 quibus
997 1754 1087 1817 locus
1111 1775 1147 1817 ac
1168 1755 1259 1818 sedes

151 1882 175 1922 11
189 1867 385 1943 pararentur.
423 1861 568 1923 loturum
587 1879 655 1924 esse
674 1863 783 1943 paucis
803 1862 907 1941 annis,
932 1863 979 1923 uti
999 1881 1109 1924 omnes
1129 1881 1169 1924 ex
1187 1860 1259 1923 Gal-

190 1967 251 2029 liae
282 1965 400 2030 finibus
432 1967 625 2050 pellerentur
657 1977 752 2049 atque
786 1986 896 2030 omnes
930 1965 1081 2030 Germani
1109 1968 1259 2031 Rhenum
1272 1990 1300 2031 40

191 2075 373 2153 transirent;
403 2093 507 2155 neque
537 2075 622 2136 enim
647 2075 875 2137 conferendum
904 2094 972 2138 esse
999 2075 1156 2138 Gallicmn
1185 2094 1258 2137 cum

192 2178 423 2244 Germanorum
443 2199 519 2263 agro
540 2199 645 2262 nequa
666 2181 749 2243 hanc
770 2181 1033 2245 consuetudinem
1056 2183 1160 2244 rictus
1184 2201 1258 2244 cum

150 2308 176 2349 12
189 2286 245 2349 illa
273 2287 527 2371 comparandam.
577 2288 779 2351 Ariovistum
807 2296 926 2367 autem,
957 2294 994 2351 nt
1026 2288 1124 2352 semel
1153 2288 1257 2351 Gallo-

189 2413 262 2455 rum
285 2396 391 2476 copias
418 2395 537 2478 proelio
562 2396 686 2476 vicerit,
716 2395 802 2476 quod
827 2395 985 2477 proelium
1012 2396 1130 2458 factum
1154 2398 1195 2457 sit
1218 2395 1258 2457 ad

190 2498 452 2584 Magetobrigam‚
489 2502 625 2584 superbe
659 2512 691 2564 et
720 2501 891 2563 crudeliter
924 2503 1093 2584 imperare,
1131 2501 1298 2565 obsideas

190 2606 380 2670 nobilissimi
417 2609 576 2688 cuiusque
607 2608 726 2670 liberos
763 2626 894 2688 poscere
932 2617 962 2670 et
998 2609 1032 2670 in
1066 2627 1119 2670 eos
1152 2610 1258 2671 omnia

191 2714 337 2797 exempla
364 2717 588 2797 cruciatusque
616 2714 723 2794 edere,
756 2714 783 2776 si
813 2733 955 2794 qua-res
983 2735 1046 2776 non
1075 2714 1115 2776 ad
1142 2724 1258 2777 nutum

150 2841 176 2882 13
191 2828 246 2882 aut
277 2820 317 2882 ad
349 2821 547 2884 voluntatem
580 2821 650 2885 eius
678 2821 772 2904 facta
789 2822 839 2884 sit.
890 2822 1054 2883 hominem
1086 2840 1153 2884 esse
1186 2821 1258 2883 bar-

190 2927 314 3010 barum,
343 2927 546 3011 iracundum,
575 2930 791 2990 temerarium:
822 2947 887 2990 non
910 2946 1004 3010 posse
1028 2928 1098 2991 eius
1123 2929 1258 3010 imperia

149 3058 176 3097 14
190 3034 310 3097 diutius
339 3036 497 3098 sustineri.
548 3036 610 3098 nisi
644 3035 720 3117 quid
752 3037 787 3096 in
817 3032 950 3098 Caesare
984 3034 1165 3117 populoque
1193 3034 1257 3096 Ro·
1271 3055 1298 3096 ao

190 3160 282 3202 mano
311 3143 352 3204 sit
384 3142 510 3223 auxilii,
543 3142 692 3204 omnibus
721 3141 822 3204 Gallis
854 3141 939 3204 idem
968 3160 1036 3204 esse
1066 3140 1256 3221 faciendum,

191 3246 276 3327 quod
299 3247 441 3311 Helvetii
464 3249 609 3330 facerint,
638 3255 674 3310 ut
699 3248 793 3310 domo
818 3250 986 3330 emigrent,
1015 3247 1102 3310 aliud
1126 3248 1257 3310 domici·

189 3355 281 3438 lium,
306 3356 384 3417 alias
408 3355 513 3436 sedes,
540 3363 677 3419 remotas
701 3375 719 3417 a
744 3355 922 3435 Germanis,
950 3362 1059 3437 petant
1081 3354 1256 3417 fortunam-

148 3487 174 3526 15
190 3479 266 3541 que,
293 3472 514 3545 quaecumque
538 3462 671 3543 accidat,
695 3463 907 3544 experiantur.
946 3462 1025 3524 haec
1048 3463 1074 3524 si
1093 3463 1257 3524 enuntiata

189 3568 354 3631 Ariovisto
378 3571 454 3651 sint,
477 3589 543 3632 non
566 3569 726 3650 dubitare,
751 3569 831 3650 quin
855 3568 894 3629 de
913 3568 1061 3630 omnibus
1081 3567 1255 3650 obsidibus,
1270 3588 1296 3628 aa

149 3700 175 3740 1o
191 3676 246 3754 qui
270 3675 355 3758 apud
378 3696 453 3739 eum
476 3679 552 3757 sint,
575 3678 801 3760 gravissimum
821 3675 1012 3757 supplicium
1031 3682 1143 3736 sumat.
1182 3673 1254 3737 Cae·

279 3871 320 3921 37.
342 3870 375 3922 38
394 3871 533 3923 hominnm
551 3870 600 3922 del.
617 3869 706 3922 Oiocc.
741 3869 749 3935 ll
782 3869 815 3922 38
835 3869 972 3920 uenissent
990 3869 1023 3920 ad
1039 3885 1130 3935 eump
1171 3872 1179 3931 ll
1220 3870 1255 3920 43

190 3959 339 4011 Ariouistus
358 3959 405 4025 Mu
440 3960 449 4025 ll
485 3961 528 4011 44.
547 3960 582 4012 45
606 3959 640 4010 ad
658 3957 867 4026 Magetobrigam
891 3957 988 4019 (liliola
1013 3956 1045 4008 ad
1064 3957 1255 4023 magetobriam

189 4046 253 4112 fia
269 4065 339 4114 11εῆ
368 4048 580 4115 admagotobrige
599 4065 631 4115 χ;
654 4047 865 4114 admagotobriae
889 4048 968 4116 (pom)
1017 4048 1024 4113 ll
1071 4045 1105 4098 50
1129 4046 1255 4109 sustineri

192 4136 260 4202 53²3
284 4137 413 4189 sustinere
432 4137 490 4189 roll.
524 4136 532 4204 ΙΙ
564 4136 615 4189 nisi
636 4135 753 4203 A¹M¹pl3
777 4137 828 4189 nisi
852 4136 874 4188 si
892 4136 951 4188 rell.
994 4138 1001 4203 ll
1042 4136 1075 4187 55
1100 4134 1152 4187 sint
1166 4133 1254 4202 2B²o3

189 4231 251 4276 sunt
270 4244 308 4295 (pp
722 4210 731 4249 ⁸
