2924 4808
152 292 184 334 VI
626 284 790 327 PRAEFATIO

151 469 219 510 cum
244 450 315 509 satis
338 450 433 508 multa
455 450 491 508 ab
514 449 674 509 editoribus
690 451 900 526 praetermIssa
922 456 952 510 et
967 453 1101 528 neglecta
1124 470 1189 511 esse
1212 453 1272 511 iam

150 544 218 599 ante
241 540 295 598 hos
318 539 421 598 decem
443 556 535 598 annos
558 539 774 614 intellegerem,
799 541 858 598 iam
881 545 944 598 tum
969 542 1034 616 ipse
1052 542 1272 600 vetustissimos

150 628 241 687 huius
264 627 397 686 codicum
421 628 537 704 generis
565 628 668 702 libroS,
697 629 748 686 ubi
776 630 906 704 primum
934 630 1001 688 data
1028 637 1107 689 essct
1136 631 1271 704 facultate,

151 719 283 776 conferre
307 717 459 791 constitut,
482 722 517 775 ut
539 717 718 794 quicumque
746 717 777 774 in
801 718 934 777 Caesaris
962 725 992 778 et
1015 719 1106 778 Hirtii
1133 719 1272 778 debello

152 806 263 866 Gallico
287 805 509 865 commentarios
532 824 651 882 operam
675 807 865 883 studiumque
893 807 1004 866 vellent
1032 809 1164 868 conferre
1192 813 1271 867 certo

151 896 235 972 quasi
263 895 455 954 fundamento
486 895 542 953 niti
569 901 698 971 possent.
750 895 923 971 Comparavi
954 897 1047 972 igitur
1078 916 1155 955 anno
1185 899 1269 956 1892

150 985 281 1042 Beroliui
309 984 423 1042 codices
455 984 628 1042 lhuoacuot
656 984 694 1060 (a)
723 989 752 1043 et
785 984 1034 1044 Vindoboocoscm
1056 986 1195 1062 priorum
1221 987 1271 1062 (f),

150 1074 260 1132 Romae
290 1073 486 1131 Ursioioaum
510 1073 565 1150 (h),
595 1073 759 1136 Florentiae
781 1078 895 1148 partem
923 1074 1114 1133 Riccordo'ooa'
1137 1075 1177 1151 (l).
1224 1075 1271 1133 Ex

150 1163 242 1221 altero
270 1162 405 1220 codicum
432 1180 539 1238 genere
569 1160 611 1239 (od
639 1162 736 1221 adbuc
767 1163 898 1221 nondum
926 1162 1051 1223 collatus
1083 1171 1145 1222 erat
1177 1165 1272 1222 codex

150 1251 455 1309 Ashburnlmmiooas
483 1250 543 1327 (Slt
576 1251 656 1309 hunc
683 1269 801 1327 quoque
829 1251 993 1310 Florentiae
1021 1253 1139 1312 contuli.
1190 1251 1271 1310 Libri

157 1340 291 1398 Vaticani
314 1340 372 1416 (M)
396 1339 595 1414 collationem,
619 1358 707 1416 quam
731 1345 799 1398 ante
815 1340 937 1416 trigInta
959 1342 1021 1400 fere
1036 1359 1128 1400 anuos
1144 1342 1271 1417 diligen·
1313 1344 1316 1347 ’

150 1429 264 1488 tissime
288 1429 467 1503 confecerat,
492 1428 527 1487 D.
552 1428 765 1501 Detlefsenius,
789 1428 835 1486 vir
857 1429 999 1504 singulari
1021 1431 1149 1506 quadam
1167 1421 1271 1488 huma-

151 1517 243 1576 nitate
266 1523 296 1577 et
310 1517 486 1576 liberalitate
501 1517 665 1594 praeditus
689 1517 901 1592 benignissime
917 1518 991 1576 mihi
1005 1519 1138 1591 tradidit3
1163 1520 1271 1595 quibus

150 1612 248 1665 autem
272 1606 345 1666 locis
369 1642 410 1648 —
434 1607 556 1665 luerunt
579 1606 623 1664 illi
647 1607 855 1682 quadringenti
878 1607 939 1666 fere
956 1642 997 1649 -
1015 1607 1189 1666 Detlefsenii
1213 1609 1271 1667 col-

150 1695 221 1754 latio
236 1695 422 1771 discrepabat
440 1714 458 1753 a
474 1695 605 1770 Frigellii
621 1695 668 1753 vel
684 1695 816 1753 Ddbneri
832 1695 1000 1771 collatione,
1024 1697 1062 1755 iis
1082 1696 1147 1773 ipse
1161 1697 1272 1756 Romae

150 1785 282 1843 codicem
292 1784 418 1861 inspexi,
428 1803 462 1843 ac
474 1802 591 1860 semper
602 1784 663 1843 fere
674 1783 889 1842 Detlefsenium
899 1803 1003 1843 verum
1012 1786 1122 1844 vidisse
1138 1787 1270 1860 cognovi.

150 1873 322 1932 Extremam
346 1892 416 1932 sane
439 1872 506 1931 libri
522 1873 590 1930 VII.
608 1878 721 1948 partem
744 1878 774 1931 et
794 1878 889 1932 totum
904 1873 1015 1948 librum
1030 1874 1114 1932 VIII.
1131 1876 1271 1950 temporis

150 1963 296 2037 angustiis
319 1962 480 2038 impedItus
503 1961 649 2038 inspicere
677 1981 735 2020 non
764 1963 860 2038 potui;
889 1963 1040 2021 dimidiam
1068 1964 1130 2022 fere
1157 1968 1272 2038 partem

150 2051 217 2109 libri
240 2051 323 2109 VIII.
347 2056 451 2125 rogatu
474 2068 552 2123 meo,
576 2051 655 2127 quod
678 2051 742 2109 eius
766 2050 859 2126 partis
882 2052 998 2110 collatio
1023 2052 1197 2111 Detlefsenii
1220 2053 1271 2111 de-

150 2139 290 2216 perierat,
318 2140 447 2214 benigne
475 2139 600 2198 contulit
627 2143 782 2215 Augustus
810 2141 887 2200 Mau.
940 2140 1055 2200 Codicis
1083 2141 1274 2200 Rhoordioot'

150 2230 216 2303 ipse
238 2229 403 2304 comparavi
420 2229 529 2287 librum
545 2227 643 2304 'VIII.;
667 2229 699 2286 in
715 2229 838 2306 reliquis
854 2229 937 2288 libris
954 2229 1073 2288 adhibui
1097 2249 1163 2289 eam
1182 2249 1271 2307 quam

150 2317 235 2376 Felix
262 2317 420 2376 Ramorino
448 2319 526 2376 foras
554 2318 636 2376 dedit
665 2318 863 2392 collationem,
884 2318 945 2376 sed
973 2336 1024 2377 eos
1051 2317 1131 2377 locos
1163 2320 1272 2395 quibus

150 2411 270 2482 propter
291 2407 474 2484 reIIquorum
497 2407 630 2466 eiusdem
653 2407 757 2465 classis
777 2407 911 2465 codicum
927 2406 1095 2464 dissensum
1112 2408 1148 2465 de
1163 2408 1270 2467 Rame-

150 2495 281 2554 rinianae
303 2495 467 2555 collationis
494 2497 554 2554 fide
582 2496 751 2553 dubitabam
782 2495 889 2570 partim
917 2495 982 2570 ipse
1009 2495 1174 2555 Florentiae
1201 2514 1270 2555 exa-

150 2584 272 2657 minavi,
301 2584 421 2660 partim,
445 2585 514 2659 plus
537 2590 697 2657 trecentos,
727 2582 870 2659 Georgius
898 2583 987 2658 Karo,
1016 2584 1192 2644 adulescens
1214 2586 1270 2643 hu-

150 2674 342 2732 manissimus
370 2681 400 2731 et
431 2674 467 2731 de
495 2672 587 2731 Bellis
616 2672 799 2732 Caesarianis
832 2672 942 2748 optime
974 2674 1111 2747 meritus,
1149 2675 1272 2732 comiter

150 2763 255 2820 iterum
273 2762 413 2838 inspexit.
451 2761 535 2820 Idem
551 2761 660 2820 codiciS
679 2761 950 2820 Ashburnbamiani
967 2767 1087 2820 centum
1106 2763 1170 2820 fere
1190 2763 1271 2823 locos

151 2850 259 2927 quibus
280 2869 362 2909 meae
383 2849 531 2909 collationi
552 2850 722 2908 diffidebam
745 2850 840 2909 denuo
857 2851 996 2926 contulit;
1021 2869 1079 2928 qua
1102 2852 1166 2910 eius
1183 2870 1271 2928 opera

150 2946 196 2998 ter
227 2957 274 2998 me
306 2939 450 2998 erravisse
481 2939 550 2997 vidi.
607 2938 729 2998 Codices
746 2939 1053 3014 ‚Bouporsiooontl
1084 2938 1146 3017 (A),
1184 2941 1271 2999 Pori-

150 3030 254 3087 sz'nam
276 3027 298 3086 I.
324 3028 386 3105 (B),
409 3027 641 3102 Mopsioccasero
660 3028 710 3106 (Q)
733 3028 798 3104 ipse
813 3029 945 3087 nondum
968 3028 999 3086 in
1015 3031 1151 3088 manibus
1172 3030 1271 3104 habui,

151 3117 203 3176 sed
227 3135 303 3194 quae
330 3118 366 3175 de
393 3116 441 3176 his
467 3117 552 3177 libris
579 3117 776 3176 inveniuntur
798 3119 830 3176 ln
857 3117 1035 3177 editionibus
1063 3117 1271 3194 Oudendorpii,

151 3205 335 3280 Schneideri,
358 3205 533 3282 Nipperdei,
558 3206 700 3282 Frigellii,
725 3206 869 3279 Diibneri,
892 3207 1028 3275 Holderi,
1057 3225 1092 3266 ea
1114 3207 1273 3282 diligenter

150 3294 318 3353 examinata
332 3295 364 3352 in
379 3295 455 3353 banc
475 3295 633 3354 editionem
648 3296 754 3371 recepi.
794 3295 974 3354 Vossianum
990 3297 1022 3370 I,
1046 3296 1222 3355 Leidensem
1238 3296 1271 3369 I,

150 3383 351 3443 Havniensem
373 3384 396 3442 Ι.
420 3384 553 3460 aliosque
582 3383 697 3443 codices
722 3403 775 3443 cur
798 3385 963 3461 spreverim
983 3385 1045 3443 dixi
1068 3386 1100 3442 in
1123 3402 1271 3443 commen-

151 3472 233 3531 tariis
250 3472 434 3532 scholasticis
447 3473 687 3532 Berolinensibus
704 3473 732 3549 (J
732 3474 951 3532 ahresberichte
967 3474 1020 3532 des
1037 3473 1271 3549 philologischen

152 3561 277 3621 Vereins
301 3580 338 3619 zu
361 3562 462 3620 Berlin
489 3563 572 3621 1885
597 3580 625 3637 p.
646 3564 708 3621 174
724 3563 808 3640 sqq.).
855 3562 998 3621 Consulto
1021 3563 1111 3620 etiam
1134 3564 1208 3622 duos
1224 3581 1272 3622 co·

151 3650 232 3710 dices
244 3650 457 3710 Laurentianos
470 3651 554 3727 (plut.
572 3653 622 3724 68,
639 3653 657 3710 8
674 3656 705 3710 et
723 3653 772 3725 68,
792 3653 821 3727 6)
840 3651 973 3727 neglexi,
993 3669 1061 3709 nam
1078 3651 1165 3711 Laur.
1179 3655 1228 3725 68,
1244 3655 1271 3724 6,

151 3740 202 3816 qui
225 3739 370 3798 Bandinio
393 3740 619 3816 antiquissimus
643 3740 725 3800 vIsus
748 3745 813 3814 est,
835 3745 914 3798 totus
941 3742 1137 3817 transcriptus
1164 3747 1210 3798 est
1233 3759 1272 3798 ex

150 3828 237 3888 haur.
264 3831 314 3902 68,
339 3831 372 3904 8,
401 3829 451 3888 bic
477 3834 590 3902 autem,
618 3848 797 3906 quamquam
825 3829 856 3886 in
885 3830 1102 3888 commentariis
1131 3829 1167 3887 de
1194 3829 1272 3888 bello

151 3917 244 3992 ciuili,
268 3917 480 3990 Alexandrin0,
504 3918 656 3991 Africano,
680 3918 870 3994 Hispaniensi
894 3919 925 3975 in
948 3919 1127 3994 optimorum
1149 3937 1271 3977 numero

151 4011 197 4065 est
224 4008 392 4080 habendae,
420 4013 520 4065 tamen
547 4007 580 4065 in
608 4007 685 4065 bello
709 4005 823 4066 Gallico
848 4007 924 4082 'quin
952 4025 990 4064 ex
1017 4006 1151 4065 Parisino
1174 4007 1198 4065 Ι.
1222 4008 1271 4065 de—

152 4095 280 4172 scriptus
309 4097 359 4170 sit,
389 4094 445 4154 etsi
473 4114 567 4172 pauca
593 4096 750 4154 admodum
779 4096 876 4172 capita
902 4096 1082 4171 comparavi,
1110 4096 1183 4153 mihi
1212 4115 1271 4155 non

151 4190 198 4242 est
221 4185 351 4243 dubium.
