2924 4808
249 250 291 312 88
648 262 753 316 BELLI
772 262 915 317 GALLICI

250 427 360 491 culum
391 428 519 506 faceret,
551 425 702 488 idoneum
737 445 806 490 esse
843 424 1013 490 arbitratus
1052 424 1083 488 Ο.
1115 425 1328 490 Volusenum

223 554 322 599 acum
352 533 428 597 navi
455 533 551 616 longa
578 534 758 615 praemittit.
810 533 883 596 huic
910 533 1054 614 mandat,
1081 538 1119 596 ut
1146 532 1318 616 exploratis

222 640 398 706 comnibus
422 639 517 703 rebus
540 639 580 701 ad
603 659 637 703 se
662 640 913 722 quamprimum
929 645 1114 703 revertatur.
1160 641 1228 723 ipse
1245 659 1319 702 cum

250 746 397 810 omnibus
421 747 521 829 copiis
549 748 584 809 in
606 746 748 809 Morinos
775 744 1003 828 proficiscitur,
1032 745 1118 829 quod
1143 746 1222 838 inde
1251 751 1346 813 erata

221 854 455 918 abrevissimus
477 854 513 915 in
536 852 736 916 Britanniam
764 854 921 916 traiectus.
968 854 1031 916 huc
1053 841 1156 946 mares¹
1176 853 1319 935 undique

250 980 291 1024 ex
313 960 460 1023 finitimis
482 961 667 1043 regionibus
691 965 723 1023 et
746 980 840 1044 quam
865 961 1028 1043 superiore
1052 945 1168 1024 aestate
1192 962 1232 1023 ad
1254 961 1320 1024 Ve-

222 1069 391 1134 aneticum
415 1067 535 1131 bellum
558 1067 676 1131 fecerat
699 1068 830 1131 classem
853 1067 943 1131 iubet
966 1069 1144 1131 convenire.
1188 1069 1320 1151 interim

250 1174 384 1238 consilio
414 1177 483 1239 eius
506 1177 638 1258 :cognito
667 1181 699 1239 et
725 1195 782 1259 per
809 1181 1001 1239 mercatores
1019 1174 1150 1258 perlato
1180 1174 1219 1237 ad
1247 1175 1319 1238 Bri-

251 1288 366 1345 tannos
394 1302 414 1344 a
441 1282 658 1365 compluribus
686 1283 810 1346 insulae
839 1282 1022 1346 civitatibus
1051 1282 1091 1344 ad
1119 1300 1194 1345 eum
1220 1282 1320 1365 legati
1334 1304 1360 1345 rc

250 1390 397 1470 veniunt,
422 1390 478 1470 qui
501 1389 712 1470 polliceantur
735 1389 863 1453 obsides
887 1389 962 1452 dare
986 1393 1082 1471 atque
1105 1389 1239 1471 imperio
1265 1408 1320 1471 po-

223 1497 320 1580 cpuli
342 1496 480 1560 Romani
504 1496 730 1579 obtemperare.
778 1496 894 1580 quibus
918 1497 1035 1559 auditis
1059 1494 1233 1560 liberaliter
1251 1494 1320 1578 pol-

250 1605 356 1667 licitus
380 1603 603 1686 hortatusque,
631 1608 667 1665 ut
689 1605 723 1665 in
747 1622 782 1666 ea
812 1605 970 1666 sententia
997 1607 1235 1686 permanerent,
1264 1622 1319 1666 eos

224 1711 383 1774 rdomum
410 1711 543 1774 remittit
576 1716 607 1774 et
635 1730 708 1773 cum
735 1712 775 1774 iis
803 1730 868 1773 una
901 1708 1094 1792 Commium,
1127 1729 1223 1792 quem
1251 1711 1319 1793 ipse

198 1869 200 1871 .
251 1817 456 1881 Atrebatibus
481 1819 636 1900 superatis
652 1837 760 1900 regem
775 1817 822 1881 ibi
839 1817 1059 1899 constituerat,
1085 1818 1176 1880 cuius
1200 1821 1232 1880 et
1255 1819 1319 1879 vir-
1335 1836 1361 1878 15

251 1930 352 1990 tutem
385 1931 417 1989 et
445 1926 614 1987 consilium
641 1925 795 2007 probabat
822 1930 853 1988 et
881 1944 978 2006 quem
1006 1924 1068 1988 sibi
1094 1923 1223 1988 fidelem
1250 1943 1320 1988 esse

252 2031 461 2095 arbitrabatur
485 2033 641 2115 cuiusque
670 2033 840 2095 auctoritas
864 2033 898 2094 in
921 2032 972 2094 his
995 2031 1182 2119 regionibus
1210 2032 1320 2115 magni

225 2138 434 2220 shabebatur,
458 2140 561 2201 mittit.
609 2138 685 2200 huic
708 2139 857 2221 imperat,
882 2158 960 2221 quas
983 2140 1095 2221 possit,
1126 2138 1218 2202 adeat
1242 2139 1321 2202 civi-

252 2251 331 2309 tates
354 2247 574 2328 horteturque,
599 2250 634 2308 ut
657 2245 766 2328 populi
788 2246 926 2310 Romani
948 2245 1045 2309 fidem
1062 2250 1249 2329 sequantur,
1273 2264 1322 2310 se-

225 2371 315 2435 sque
339 2352 484 2416 celeriter
507 2372 544 2416 eo
569 2357 742 2416 venturum
760 2355 895 2417 nuntiet.
941 2353 1127 2416 Volusenus
1146 2355 1321 2436 perspectis
1335 2369 1363 2410 20

252 2459 436 2542 regionibus
465 2465 621 2543 quantum
649 2461 679 2523 ei
711 2460 871 2524 facultatis
905 2459 973 2523 dari
1005 2461 1123 2543 potuit,
1157 2462 1211 2542 qui
1243 2461 1320 2522 navi

254 2567 362 2650 egredi
385 2585 421 2629 ac
444 2587 477 2630 se
501 2566 644 2630 barbaris
665 2569 861 2632 committere
885 2587 951 2630 non
977 2567 1120 2648 auderet,
1143 2565 1182 2629 V.
1208 2567 1321 2630 dicad

255 2672 421 2738 Caesarem
443 2676 615 2738 revertitur
639 2693 784 2757 quaeque
807 2675 853 2736 ibi
876 2676 1090 2757 perspexisset
1112 2675 1285 2737 renuntiat.

198 2791 234 2845 22
342 2779 427 2844 Dum
451 2783 487 2844 in
509 2782 560 2844 his
583 2782 662 2847 locis
687 2780 802 2845 Cacsar
823 2782 954 2844 navium
982 2780 1197 2864 parandarum
1225 2800 1349 2846 causat

253 2895 407 2971 moratur,
432 2907 473 2951 ex
495 2909 611 2972 magua
634 2893 720 2972 parte
746 2888 944 2951 Morinorum
973 2889 1013 2951 ad
1040 2907 1115 2951 eum
1142 2888 1239 2970 legati
1266 2908 1319 2953 ve·

253 3001 383 3078 nerunt,
408 2998 464 3078 qui
488 3015 522 3059 sc
546 2997 585 3059 dc
608 2997 781 3079 superioris
798 2996 949 3079 temporis
966 2995 1100 3059 consilio
1121 3001 1322 3076 excusarent,

255 3103 340 3183 quod
372 3103 518 3167 homines
552 3103 677 3166 barbari
704 3109 735 3166 ct
762 3108 889 3166 nostrae
914 3102 1154 3166 consuetudinis
1180 3104 1321 3184 imperiti

253 3208 374 3272 bellum
402 3212 518 3293 populo
547 3209 690 3273 Romano
718 3212 880 3292 fecissent,
909 3228 1006 3290 seque
1034 3228 1084 3290 ea,
1113 3228 1195 3291 quae
1222 3209 1351 3292 impe-5

227 3321 366 3398 arasset,
389 3317 528 3379 facturos
551 3317 785 3400 pollicerentur.
831 3317 892 3380 hoc
915 3316 975 3379 sibi
1000 3314 1114 3379 Caesar
1138 3316 1213 3379 satis
1230 3335 1322 3398 opor·
1367 3400 1382 3410 ν

254 3430 330 3485 tuna
354 3422 507 3486 accidisse
531 3424 715 3506 arbitratus,
740 3423 825 3506 quod
842 3442 946 3507 neque
962 3429 1033 3506 post
1049 3428 1175 3504 tergum
1197 3424 1321 3486 hostem

253 3529 433 3612 relinquere
456 3529 584 3594 volebat
601 3550 706 3614 neque
722 3531 798 3594 belli
814 3531 945 3614 gerendi
961 3536 1089 3614 propter
1106 3531 1182 3592 anui
1197 3535 1323 3612 tempus

343 3742 457 3812 310nga
474 3749 578 3808 naucp
610 3742 618 3810 ll
654 3743 730 3809 utip
766 3744 774 3811 [1
811 3742 971 3796 8effecerat
991 3762 1008 3794 a
1044 3746 1052 3809 tt
1090 3742 1124 3796 10
1143 3741 1200 3794 eius
1218 3739 1322 3794 insulae

252 3840 270 3900 β
306 3833 314 3900 ll
356 3834 388 3885 11
409 3831 595 3901 pollicerentur
612 3839 630 3898 β
670 3832 678 3899 11
720 3832 754 3884 14
773 3831 852 3898 hisp'
884 3831 893 3900 ll
931 3833 963 3884 17
983 3848 1078 3900 magna
1097 3830 1157 3898 Mf²
1193 3832 1201 3895 ll
1239 3830 1272 3884 19
1292 3831 1323 3882 ut

254 3939 348 3991 onam
381 3924 390 3990 ΙΙ
422 3923 463 3976 19.
484 3921 519 3976 20
537 3936 619 3990 saque
639 3939 667 3987 ας
688 3927 752 3987 sep
783 3922 792 3985 ΙΙ
826 3920 860 3975 20
879 3937 909 3974 eo
929 3920 1084 3986 celeriterp
1116 3920 1124 3988 ll
1157 3920 1188 3972 21
1209 3919 1322 3988 regioni-

254 4012 302 4064 bus
321 4018 349 4078 β;
368 4011 518 4080 regionibus
538 4011 659 4065 omnibus
679 4029 695 4061 a
729 4011 737 4079 Η
769 4009 881 4063 facultas
900 4009 951 4063 AS
980 4010 988 4077 ll
1021 4010 1066 4078 qui
1085 4026 1119 4062 cx
1139 4015 1243 4075 nauess

343 4100 517 4169 22.1iis‹p
550 4102 558 4169 ll
591 4098 785 4168 bpcllicentur
804 4119 821 4149 α
844 4099 853 4168 Η
877 4099 934 4152 Hoc
948 4117 978 4166 ‘⁶3
997 4099 1105 4165 Haccss
1137 4099 1145 4166 ll
1177 4099 1201 4152 6.
1222 4099 1236 4150 ’1
1257 4098 1323 4151 satis

255 4191 382 4257 oportune
401 4205 492 4244 caesar
509 4196 526 4256 β
