2924 4808
207 277 273 339 244
607 290 713 345 BELLI
731 290 873 345 GALLIOI

206 455 410 537 pertinaciter
425 454 609 518 resisterent
624 454 786 537 oppidani,
810 473 928 536 magna
942 454 1038 518 etiam
1052 459 1142 537 parte
1157 454 1275 518 amissa

204 562 260 624 siti
275 580 405 624 suorum
427 561 464 623 in
479 562 636 624 sententia
650 566 885 644 permanerent,
909 561 950 624 ad
972 565 1167 643 postremum
1183 563 1274 624 cuni·
1289 585 1318 627 ro

178 691 192 733 s
206 668 287 731 culis
304 687 404 732 venae
425 668 522 731 fontis
541 668 709 732 intercisae
730 672 806 731 sunt
823 673 920 748 atque
935 686 1072 731 aversae.
1097 687 1175 750 quo
1191 667 1274 730 facto

204 780 334 857 repente
356 775 506 857 perennis
529 775 656 838 exaruit
675 775 747 838 fons
770 779 954 855 tantamque
978 773 1085 838 attulit
1108 774 1275 857 oppidanis

205 881 316 944 salutis
339 881 605 965 desperationem,
633 887 670 944 ut
696 881 729 944 id
756 900 823 944 non
845 882 1015 945 hominum
1041 881 1191 963 consilio,
1218 883 1274 946 sed
1359 963 1362 967 ²

206 988 339 1052 deorum
363 989 525 1052 voluntate
551 988 671 1052 factum
693 992 848 1071 putarent.
893 990 1003 1070 itaque
1026 1007 1060 1052 se
1083 989 1274 1052 necessitate

150 1112 186 1165 44
205 1097 307 1158 eoacti
330 1095 538 1159 tradiderunt.
578 1094 704 1179 Caesar,
728 1114 802 1158 cum
820 1114 912 1159 suam
930 1095 1094 1158 lenitatem
1113 1097 1301 1179 cognitamr

205 1202 353 1266 omnibus
376 1203 473 1266 sciret
490 1221 597 1284 neque
612 1207 790 1284 vereretur,
812 1220 854 1266 ne
877 1203 956 1283 quid
974 1202 1161 1266 crudelitate
1179 1207 1275 1265 natu-

203 1328 258 1373 rae
281 1309 444 1372 videretur
467 1310 609 1392 asperius
631 1310 757 1389 fecisse,
784 1328 891 1392 neque
920 1309 1043 1372 exitum
1066 1309 1275 1372 consiliorum

204 1434 336 1479 suorum
365 1416 643 1498 animadverteret,
676 1417 703 1479 si
731 1415 788 1479 tali
814 1417 936 1479 ratione
965 1415 1099 1479 diversis
1130 1416 1167 1478 in
1194 1415 1274 1479 locis

203 1521 312 1605 plures
347 1523 479 1585 consilia
513 1523 661 1604 inissent,
699 1522 846 1605 exemplo
883 1522 1033 1605 supplicii
1068 1521 1304 1588 deterrendosa

204 1628 345 1710 reliquos
369 1630 571 1693 existimavit.
616 1631 725 1712 itaque
750 1629 911 1712 omnibus,
935 1629 992 1710 qui
1015 1648 1103 1691 arma
1125 1628 1274 1712 tulerant,

203 1754 319 1799 manus
345 1736 501 1818 praecidit
526 1738 690 1818 vitamque
718 1737 886 1818 concessit,
922 1755 985 1818 quo
1017 1735 1162 1799 testatior
1190 1740 1275 1800 esset

176 1861 307 1925 apoena
329 1842 554 1927 improborum.
593 1842 748 1926 Drappes,
773 1861 868 1924 quem
893 1846 1021 1925 captum
1043 1861 1113 1906 esse
1137 1861 1156 1904 a
1179 1841 1275 1905 Oani-

203 1951 258 2012 nio
275 1950 383 2031 docui,
399 1950 466 2013 sive
481 1951 671 2034 indignitate
687 1955 718 2014 et
734 1949 842 2013 dolore
858 1949 1060 2012 vinculorum
1075 1949 1143 2012 sive
1159 1949 1273 2013 timore

204 2056 359 2138 gravioris
387 2057 536 2140 supplicii
564 2058 674 2139 paucis
702 2056 815 2120 diebus
843 2056 914 2118 cibo
939 2074 973 2119 se
996 2055 1153 2119 abstinuit
1175 2061 1316 2138 atquem

175 2164 248 2226 eita
274 2163 402 2226 interiit.
449 2164 561 2228 eodem
589 2170 731 2247 tempore
758 2163 939 2246 Lucterius,
972 2181 1067 2244 quem
1095 2163 1273 2246 profugisse

204 2288 247 2333 ex
268 2271 389 2352 proelio
414 2272 537 2354 scripsi,
565 2291 640 2334 cum
666 2273 702 2333 in
728 2275 915 2353 potestatem
938 2271 1079 2333 venisset
1099 2269 1273 2352 Epasnacti

202 2377 355 2461 Arverni,
385 2414 426 2424 -—
450 2378 561 2442 crebro
590 2379 677 2442 enim
702 2378 865 2440 mutandis
892 2377 971 2439 locis
998 2376 1175 2439 multorum
1196 2376 1273 2440 fidei

202 2503 237 2548 se
257 2485 483 2567 committebat,
508 2486 594 2567 quod
616 2504 776 2566 nusquam
796 2485 918 2547 diutius
937 2485 1005 2547 sine
1023 2482 1167 2565 periculo
1187 2502 1273 2547 com-

87 2576 90 2583 ’
173 2631 175 2635 ψ
202 2597 385 2654 moraturus
408 2591 589 2674 videbatur,
613 2611 687 2656 cum
710 2590 772 2655 sibi
796 2591 943 2654 conscius
967 2595 1062 2671 esset,
1091 2609 1188 2672 quam
1211 2591 1271 2652 ini-
1286 2610 1312 2652 re

202 2698 323 2760 micum
356 2699 485 2762 deberet
518 2699 685 2762 Caesarem
716 2696 847 2780 habere,
880 2733 922 2742 -
954 2697 1041 2760 hunc
1071 2694 1272 2779 Epasnactus

202 2804 383 2888 Arvernae,
411 2806 621 2868 amicissimus
648 2804 765 2888 populo
790 2804 947 2885 Romano,
975 2803 1044 2865 sine
1072 2801 1271 2866 dubitatione

202 2910 269 2973 nlla
292 2912 436 2975 vinctum
460 2913 499 2975 ad
524 2911 691 2975 Caesarem
714 2911 856 2975 deduxit.

148 3031 185 3086 45
292 3017 452 3083 Labienus
475 3021 603 3083 interim
625 3020 661 3082 in
678 3019 823 3082 Treveris
847 3021 994 3099 equestre
1017 3016 1176 3098 proelimn
1197 3016 1297 3079 faciti

203 3125 379 3188 secundum
405 3126 686 3209 compluribusque
709 3126 854 3188 Treveris
881 3125 1056 3187 interfectis
1085 3127 1117 3186 et
1140 3123 1272 3186 Germa-

292 3319 482 3374 9resisterent
499 3320 548 3374 dcl.
571 3319 639 3373 Oad.
671 3321 680 3384 11
712 3319 792 3372 etiarn
805 3335 856 3370 om.
873 3317 916 3372 Su
947 3321 956 3386 14
988 3318 1013 3372 9.
1028 3317 1062 3372 10
1074 3318 1148 3385 parte
1162 3331 1271 3372 suorum

201 3406 247 3459 siti
265 3409 362 3461 amissa
382 3409 419 3476 Sp
450 3410 458 3479 41
496 3409 530 3464 10
549 3412 735 3477 permanerent
753 3406 843 3473 Arsa
866 3406 1055 3475 permanebant
1074 3425 1092 3457 a
1129 3407 1138 3476 14
1176 3405 1210 3460 12
1229 3421 1271 3460 re·

202 3500 281 3565 pente
300 3499 359 3551 fons
377 3499 498 3566 perennis
517 3501 644 3551 exaustus
663 3499 763 3550 tantam
782 3495 870 3550 attulit
890 3496 929 3563 St
959 3496 968 3566 41
1005 3495 1040 3548 14
1057 3495 1158 3549 facturn
1176 3493 1271 3550 uolun-

202 3587 257 3638 tate
276 3605 298 3638 π
330 3588 338 3655 44
372 3588 412 3639 14.
433 3589 466 3640 15
486 3587 641 3640 necessitate
661 3585 744 3640 coacti
762 3600 792 3638 se
812 3584 850 3651 Sp

290 3678 336 3730 44.
357 3675 373 3728 2
391 3692 440 3729 nee
460 3676 509 3747 893
528 3693 561 3730 ne
581 3694 602 3728 π
634 3677 643 3745 14
681 3676 705 3729 3.
725 3676 742 3728 4
761 3674 865 3728 consilii
883 3674 926 3727 sui
946 3674 983 3741 St
1017 3675 1026 3744 41
1062 3673 1208 3728 tconsilia
1230 3673 1271 3726 in-

201 3763 286 3817 issent
305 3784 334 3832 a;
353 3766 480 3820 rebellare
499 3767 649 3836 coepissent
667 3765 705 3832 Sp
727 3764 736 3833 41
759 3767 774 3818 7
795 3781 847 3833 que
859 3780 912 3817 om.
928 3763 966 3830 Sp}
987 3762 996 3831 41
1018 3762 1036 3816 8
1054 3753 1170 3832 Draptes
1183 3763 1246 3831 18111
1262 3761 1271 3834 11

202 3852 265 3906 eet
284 3841 372 3908 dolore
391 3873 443 3909 om.
461 3857 502 3924 ,Sd
533 3856 542 3925 41
575 3856 608 3911 10
627 3872 656 3909 se
674 3855 742 3922 cybo
763 3854 800 3920 St
831 3852 841 3921 44
873 3852 907 3905 12
920 3852 1073 3920 epasnetifl
1103 3852 1113 3920 41
1146 3852 1271 3905 14nnm·

201 3956 282 4009 quam
302 3961 323 3993 π
346 3944 354 4012 41
379 3945 412 3998 16
431 3945 538 3999 deberet
556 3963 608 3998 om.
621 3944 664 3998 Sa
691 3945 700 4013 41
727 3943 825 3997 habere
844 3941 966 4010 (haberet
985 3940 1040 4006 Str)
1055 3955 1190 3994 caesarem
1206 3939 1271 4013 8144

119 4093 121 4098 ,
196 4035 345 4104 ,4443114445
362 4038 391 4099 βς
411 4051 491 4102 eques
510 4033 645 4087 nactusS
675 4033 683 4099 44
717 4034 748 4085 17
769 4031 860 4099 populi
877 4029 979 4084 romani
997 4017 1151 4098 B'M231n
1172 4049 1190 4082 α

290 4121 336 4175 45.
358 4123 372 4172 1
392 4123 497 4175 treuiris
518 4124 555 4190 Sp
586 4122 594 4190 11
628 4124 651 4175 1.
666 4121 681 4174 2
695 4122 840 4174 secundum
857 4120 972 4185 faeitSss
1002 4119 1012 4188 11
1044 4118 1202 4174 2Treveris
1219 4119 1270 4187 dcl.

201 4208 292 4278 Kroff.
316 4212 324 4280 11
349 4210 400 4264 23
413 4211 645 4280 compluribusque
658 4210 738 4263 etiam
750 4209 856 4263 treuiris
869 4212 896 4262 et
908 4208 1042 4278 germanis
1054 4208 1199 4275 interfectis
1209 4208 1271 4278 18114
