2924 4808
150 228 212 290 190
548 241 653 295 BELLI
672 241 814 295 GALLICI

149 405 297 488 depulsos
321 405 467 484 vidisset,
496 424 559 485 quo
583 405 691 467 minus
713 403 814 468 libere
841 404 947 468 hostes
970 404 1220 486 insequerentur

120 517 285 576 aterreret.
332 513 399 594 ipse
427 511 558 594 paulum
586 530 628 574 ex
657 529 694 574 eo
722 511 792 574 loco
821 530 894 573 cum
921 511 1049 594 legione
1071 529 1217 594 progres-

92 631 129 686 bb
147 637 213 700 sus,
247 619 302 681 ubi
330 619 527 700 constiterat,
560 623 712 680 eventum
739 636 865 700 pugnae
893 617 1087 700 expectabat.
1135 615 1242 682 (lumi

147 725 299 787 acerrime
327 725 508 788 comminus
536 730 745 807 pugnaretur,
778 725 883 787 hostes
911 724 981 786 loco
1014 729 1046 788 et
1072 742 1216 804 numero,

147 832 247 893 nostri
280 833 396 894 virtute
430 830 639 911 confiderent,
675 831 778 894 subito
814 835 890 894 sunt
921 831 1049 894 Haedui
1082 832 1143 894 visi
1175 830 1214 893 ab

145 938 244 1000 latere
273 939 387 1001 nostris
415 944 536 1021 aperte,
570 957 650 1019 qnos
678 938 792 1001 Caesar
824 938 863 1000 ab
896 939 1009 1001 dextra
1034 943 1125 1020 parte
1153 937 1214 1000 alio

119 1064 281 1108 aascensu
303 1065 419 1108 manus
440 1045 641 1108 distinendae
661 1065 757 1108 causa
775 1047 911 1108 miserat.
950 1045 984 1107 hi
1002 1044 1244 1110 similitudines

147 1172 308 1215 armorum
341 1153 544 1216 vehementer
579 1156 704 1215 nostros
736 1156 985 1234 perterruerunt,
1021 1169 1057 1213 ac
1089 1153 1216 1215 tametsi

147 1260 269 1322 dextris
297 1260 416 1322 umeris
449 1260 568 1322 exertis
596 1258 941 1340 animadvertebantur,
975 1258 1061 1339 quod
1089 1259 1216 1342 insigne

146 1371 275 1448 pactum
299 1384 367 1428 esse
391 1372 573 1445 consuerat,
597 1371 703 1428 tamen
725 1366 759 1428 id
778 1366 884 1448 ipsum
903 1365 953 1428 sni
971 1365 1101 1428 fallendi
1120 1385 1217 1429 causa

119 1472 263 1534 amilites
287 1471 325 1534 ab
350 1472 494 1535 hostibus
517 1472 636 1536 factum
660 1472 893 1535 existimabant.
936 1471 1049 1535 eodem
1072 1476 1215 1555 tempore

147 1577 180 1640 L.
204 1577 322 1642 Fabius
351 1581 493 1642 centumo
523 1581 643 1661 quique
672 1600 737 1642 nna
764 1599 890 1642 murum
919 1579 1130 1642 ascenderant
1154 1579 1216 1642 cir·
1230 1600 1268 1642 ro

118 1706 131 1746 4
146 1688 308 1749 cumrenti
324 1693 419 1767 atque
434 1686 594 1750 interfecti
611 1687 650 1750 de
666 1706 756 1750 muro
773 1685 1071 1769 praecipitabantur.
1100 1685 1142 1749 M.
1156 1686 1216 1750 Pe-

146 1793 281 1875 tronius,
310 1793 452 1856 eiusdem
481 1793 615 1875 legionis
643 1795 800 1874 centurio,
829 1812 904 1856 oum
931 1797 1036 1876 portas
1064 1793 1216 1857 excidere

146 1907 279 1962 conatus
303 1907 445 1980 esset,a
467 1900 673 1964 multitudine
702 1919 870 1984 oppressus
897 1920 933 1963 ao
957 1899 1019 1962 sibi
1043 1899 1217 1984 desperans

145 2006 254 2068 multis
281 2007 345 2068 iarn
374 2006 561 2070 vulneribus
593 2009 729 2091 acceptis
759 2007 1013 2090 manipularibus
1045 2008 1125 2089 suis,
1160 2009 1216 2090 qui

146 2111 236 2174 illum
261 2115 363 2175 secuti
387 2120 490 2195 erant,
514 2114 702 2196 ‘quoniam’,
729 2114 847 2195 inquit,
871 2114 935 2177 ‘me
959 2133 1024 2176 una
1046 2112 1271 2177 vobiscum'ro

146 2237 272 2281 servare
301 2239 365 2282 non
392 2240 535 2303 possum,
564 2227 685 2283 vestrae
714 2220 841 2301 quidem
872 2225 955 2283 certe
981 2221 1065 2284 vitae
1092 2221 1216 2304 prospi-

146 2327 240 2408 ciam,
270 2346 350 2408 quos
374 2327 545 2410 cupiditate
567 2327 685 2409 gloriae
714 2327 871 2390 adductus
898 2328 932 2389 in
955 2327 1137 2410 periculum
1161 2328 1216 2391 de·

119 2433 233 2495 eduxi.
270 2454 326 2496 vos
345 2433 419 2497 data
435 2434 583 2504 facultate
603 2433 694 2496 vobis
713 2433 889 2497 consulite)
922 2434 1019 2497 simul
1038 2435 1073 2496 in
1092 2435 1215 2498 medios

145 2540 250 2602 hostes
273 2542 394 2623 inrupit
417 2541 605 2623 duobusque
629 2541 801 2604 interfectis
824 2541 965 2623 reliquos
988 2561 1007 2604 a
1028 2545 1119 2624 porta
1137 2560 1216 2624 pau-

118 2647 213 2708 elum
235 2647 404 2710 submovit.
445 2648 633 2711 conantibus
658 2649 807 2710 auxiliari
831 2649 898 2711 suis
922 2647 1074 2730 ‘frustra’,
1097 2649 1274 2731 inquitau

146 2754 248 2817 ‘meae
268 2756 351 2817 vitae
374 2756 546 2818 subvenire
565 2755 738 2835 conamini,
764 2774 858 2835 quem
880 2757 945 2817 iam
964 2755 1095 2837 sanguis
1114 2756 1214 2820 vires-

147 2880 208 2941 que
236 2861 397 2923 deficiunt.
443 2862 576 2943 proinde
604 2860 700 2943 abite,
734 2861 811 2923 dum
839 2868 886 2925 est
912 2862 1059 2938 facultas,
1091 2882 1214 2945 vosque

146 2966 185 3027 ad
208 2967 365 3048 legionem
389 2966 539 3049 recipite’
586 2967 630 3029 ita
653 2986 799 3050 pugnans
826 2972 897 3050 post
918 2968 1049 3049 paulum
1073 2969 1215 3032 concidit

91 3083 126 3134 51
146 3091 182 3133 ac
210 3075 276 3135 suis
309 3074 403 3136 saluti
434 3072 502 3136 fuit.
548 3072 669 3154 Nostri,
702 3094 775 3136 curn
808 3074 953 3155 undique
984 3080 1240 3157 premerentur,1

144 3175 251 3241 XLVI
280 3180 518 3242 centurionibus
547 3181 671 3243 amissis
704 3180 817 3243 deiecti
850 3186 925 3243 sunt
956 3181 1034 3243 loco.
1081 3182 1146 3254 sed,
1165 3183 1215 3244 in-

146 3285 331 3347 tolerantius
364 3287 471 3350 Gallos
507 3288 712 3370 insequentes
747 3288 829 3369 legio
867 3287 908 3350 X.
942 3286 1092 3370 tardavit,
1131 3307 1217 3372 quae

233 3514 395 3582 bpnlsosfl
426 3518 434 3584 11
467 3516 641 3585 7paululum
659 3536 681 3568 π

231 3621 278 3676 eb.
299 3623 315 3674 2
334 3625 494 3692 pugnaretur
512 3642 564 3677 om.
586 3645 603 3675 a
635 3626 644 3689 ll
676 3626 700 3677 3,
718 3625 735 3676 4
754 3640 770 3677 a
787 3623 905 3690 laterali
940 3622 949 3694 ll
985 3623 1147 3677 dadextra
1165 3622 1209 3687 πΙ

143 3713 274 3765 bmanus
294 3729 345 3765 om.
366 3731 388 3763 π
433 3710 441 3782 ll
486 3711 629 3780 Spactum
652 3713 758 3780 Heller;
782 3714 905 3781 pacatum
923 3711 954 3764 X
996 3710 1004 3782 ll
1052 3711 1086 3766 10
1104 3711 1205 3766 Fabins‘

143 3801 287 3870 sabinusg
323 3800 331 3871 ll
368 3802 573 3871 escenderento
610 3800 618 3872 ll
656 3804 688 3855 11
710 3803 743 3856 de
761 3820 814 3856 om.
835 3821 852 3853 α
889 3800 897 3872 ll
938 3799 1146 3869 praecipitantur
1164 3819 1187 3852 π

142 3889 178 3942 Μ.
199 3907 251 3943 om.
271 3909 293 3941 π
338 3888 347 3960 ll
393 3892 434 3942 11.
455 3890 488 3942 12
507 3890 624 3958 petreius
643 3910 671 3963 03
695 3891 863 3960 Preterea(?)
883 3909 905 3942 π
951 3888 959 3961 ll
1006 3891 1039 3942 13
1062 3896 1187 3957 aomfl

142 3979 192 4032 sibi
209 3985 238 4045 p,
258 3978 299 4030 sui
319 3998 335 4029 α
372 3977 380 4049 ll
419 3980 451 4030 14
469 3979 522 4044 iam
540 3987 629 4046 omri
665 3979 673 4051 ll
711 3982 744 4034 15
764 3983 839 4035 erant
857 3980 976 4047 secutifl
1012 3978 1020 4050 ll
1058 3979 1092 4032 16
1106 3994 1185 4033 conse

142 4084 207 4121 nare
226 4087 248 4119 π
285 4066 293 4138 ll
332 4069 371 4121 19.
392 4068 426 4123 20
446 4068 618 4136 paululumss
654 4068 662 4140 ll
700 4070 734 4122 23
753 4068 891 4137 paululum
904 4087 938 4136 ⁷¹3
957 4068 1036 4137 paulo
1049 4066 1181 4121 *HJMiill

231 4157 277 4212 51.
297 4157 313 4209 2
332 4157 414 4210 sex&
433 4157 536 4223 ,ΧΗ
571 4156 579 4229 Η
616 4158 674 4212 loco
693 4176 745 4212 ona
766 4178 788 4211 π
