2924 4808
206 285 250 347 96
609 296 713 350 BELLI
732 295 875 350 GALLICI

208 464 236 525 si
251 463 411 526 Romanos
428 463 538 524 castris
551 459 763 543 expulissent,
779 459 1083 523 demonstraverunt.
1113 459 1164 522 his
1180 459 1277 522 rebus

208 569 351 633 celeriter
373 588 490 651 magna
512 567 717 630 multitudine
741 566 900 649 peditatus
924 567 1150 648 equitatusque
1167 571 1317 631 coactare

148 684 190 739 35
210 677 250 739 ad
273 681 375 739 eastra
390 680 556 738 venerunt.
605 671 732 753 Caesar,
756 674 815 736 etsi
833 673 932 754 idem,
956 673 1042 754 quod
1058 673 1304 755 superioribus1

208 783 320 847 dicbus
345 782 516 863 acciderat,
538 782 606 844 fore
630 781 771 863 videbat,
796 788 843 862 ut,
873 782 900 842 si
924 785 1031 844 essent
1055 780 1160 843 hostes
1184 779 1277 863 pulsi,

206 892 369 955 celeritate
393 889 572 973 periculum
596 889 782 972 effugerent,
807 894 914 952 tamen
938 892 1051 950 nactus
1070 889 1194 970 equites
1217 889 1278 948 cir-

208 999 288 1061 citer
311 997 425 1080 XXX,
451 1015 531 1080 quos
556 995 718 1059 Commius
741 995 890 1077 Atrebas,
915 994 954 1058 de
978 1013 1041 1077 quo
1058 1000 1131 1058 ante
1157 995 1278 1057 dictum

209 1109 270 1187 est,
303 1124 412 1168 secum
440 1108 721 1186 transportaverat,
754 1104 895 1186 legiones
924 1104 958 1165 in
986 1103 1053 1165 5515
1081 1121 1138 1185 pro
1167 1102 1305 1164 castriso

179 1213 381 1275 2constituit.
429 1212 599 1273 commisso
628 1210 748 1292 proelio
778 1210 899 1272 diutius
927 1215 1111 1272 nostrorum
1138 1208 1279 1271 militum

210 1321 365 1401 impetum
388 1318 494 1380 hostes
522 1317 604 1380 ferre
631 1335 697 1389 non
724 1322 897 1399 potuerunt
925 1335 961 1378 ac
989 1322 1078 1398 terga
1105 1320 1278 1380 verterunt.

179 1443 292 1506 equos
316 1429 404 1487 tanto
429 1425 529 1506 spatio
553 1425 666 1503 secuti,
695 1428 851 1505 quantum
879 1443 976 1486 cursu
1004 1427 1035 1485 et
1063 1422 1184 1486 viribus
1212 1421 1279 1486 effi-

210 1550 282 1595 cere
306 1536 492 1614 potueruut,
517 1531 696 1613 complures
720 1550 762 1594 ex
785 1531 825 1593 iis
850 1531 1047 1610 occiderunt,
1072 1529 1187 1594 deinde
1212 1548 1279 1591 om-

211 1637 307 1701 nibus
330 1638 424 1720 longe
449 1637 576 1718 lateque
601 1636 753 1700 aedificiis
775 1637 914 1699 incensis
943 1656 976 1700 se
1000 1638 1031 1698 in
1062 1642 1165 1700 castra
1192 1655 1279 1699 rece·
1294 1655 1320 1696 10

150 1750 333 1829 asperum.
380 1745 501 1807 Eodem
525 1743 576 1806 die
600 1745 697 1827 legati
720 1744 758 1806 ab
779 1743 924 1806 hostibus
943 1745 1032 1806 missi
1050 1744 1091 1805 ad
1111 1744 1307 1807 Gaesaremr

183 1853 250 1916 ade
274 1871 352 1934 paee
376 1856 541 1913 venerunt.
577 1851 638 1923 ,his
663 1850 776 1914 Caesar
799 1870 969 1914 numerum
993 1849 1154 1932 obsidum,
1184 1869 1278 1932 quem

210 1965 284 2022 ante
312 1960 536 2041 imperaverat,
566 1958 739 2039 duplicavit
767 1977 884 2039 eosque
917 1959 951 2020 in
979 1959 1195 2022 continentem
1225 1958 1279 2020 ad·

210 2066 288 2128 duci
311 2066 416 2146 iussit,
441 2065 528 2146 quod
550 2066 728 2147 propinqua
752 2066 802 2127 die
822 2066 1014 2146 aequinoctii
1035 2064 1171 2128 infirmis
1190 2067 1280 2127 navi-

211 2173 272 2234 bus
305 2173 405 2235 hiemi
437 2171 671 2253 navigationem
710 2171 928 2234 subiciendam
965 2191 1030 2235 non
1068 2172 1307 2237 existimabate

181 2303 198 2344 a
213 2281 278 2361 ipse
295 2279 441 2341 idoneam
455 2283 674 2360 tempestatem
686 2284 797 2341 nactus
812 2279 907 2360 paulo
921 2283 991 2360 post
1002 2279 1140 2342 mediam
1152 2285 1280 2343 noctem

181 2404 310 2450 455555
333 2386 438 2464 solvit3
465 2405 545 2466 quae
571 2404 681 2448 omues
705 2385 881 2448 incolumes
905 2385 945 2447 ad
968 2387 1185 2450 continentem
1209 2406 1280 2469 per-

212 2497 382 2571 venerunt,
413 2493 468 2555 sed
492 2511 533 2555 ex
556 2494 596 2554 iis
620 2494 782 2556 onerariae
807 2494 888 2555 duae
913 2493 1041 2556 eosdem
1064 2499 1174 2575 portus
1199 2513 1281 2575 quos

212 2599 354 2680 reliquae
378 2618 490 2681 capere
514 2619 579 2662 nou
602 2605 774 2682 potueruut
793 2604 828 2672 ¹et
850 2601 945 2682 paulo
962 2600 1044 2662 infra
1060 2601 1179 2665 delatae
1197 2607 1280 2664 sunt.

152 2721 192 2776 37
303 2704 426 2780 Quibus
450 2724 492 2768 ex
515 2706 650 2768 naribus
679 2724 751 2767 cum
777 2712 883 2770 essent
910 2708 1047 2789 expositi
1075 2708 1192 2770 milites
1220 2709 1308 2770 cir-1

212 2814 292 2876 citer
325 2811 399 2874 000
432 2818 527 2893 atque
559 2813 594 2874 in
626 2816 728 2874 castra
760 2813 1001 2895 contenderent,
1034 2814 1166 2896 Morini,
1201 2833 1281 2897 quos

215 2918 329 2983 Caesar
351 2921 387 2981 in
410 2919 611 2982 Britanniam
633 2918 838 3001 proficiscens
862 2926 988 3002 pacatos
1011 2922 1197 3004 reliquerat,
1226 2941 1281 3004 spe

213 3027 347 3108 praedae
381 3025 509 3089 adducti
541 3028 642 3108 primo
676 3046 741 3089 non
769 3028 814 3088 ita
841 3047 958 3110 magno
987 3048 1119 3091 suorum
1147 3048 1281 3092 numero

214 3135 493 3196 circumsteterunt
516 3153 564 3215 ac,
589 3135 617 3196 51
640 3153 709 3197 5555
732 3133 871 3197 interfici
894 3135 1027 3217 nollent,
1050 3155 1138 3197 arma
1161 3147 1308 3218 poneret

182 3240 383 3303 2iusserunt.
430 3259 503 3302 cum
528 3241 574 3302 illi
599 3239 674 3304 orbe
698 3240 778 3303 lacto
803 3259 870 3304 sese
895 3243 1113 3323 defenderent,
1137 3242 1283 3306 celeriter

214 3345 254 3407 ad
288 3345 456 3410 clamorem
494 3348 659 3410 hominum
692 3349 817 3412 circiter
848 3348 938 3410 milia
971 3349 1017 3411 VI
1054 3353 1281 3412 convenerunt.

213 3473 278 3532 qua
302 3470 336 3514 re
361 3455 503 3516 nuntiata
528 3453 642 3518 Caesar
666 3474 792 3518 omnem
816 3473 856 3518 ex
881 3457 991 3519 castris
1015 3457 1192 3537 equitatum
1216 3457 1283 3519 suis

306 3683 339 3733 14
358 3683 436 3736 rebus
457 3703 503 3753 cq;
523 3685 616 3738 dicbus
636 3703 658 3735 rr

304 3771 350 3826 35.
371 3771 386 3822 2
406 3775 480 3838 utri,
500 3776 527 3824 et
546 3793 562 3824 u
595 3775 602 3840 ll
635 3775 782 3826 3nanctus
800 3772 837 3824 Βι
869 3774 877 3841 ll
909 3775 1072 3842 8quantoss
1104 3779 1112 3842 ll
1145 3774 1221 3828 9his
1239 3773 1283 3845 llll

216 3860 250 3914 10
268 3860 295 3911 in
314 3863 401 3914 castra
419 3876 447 3913 55
465 3867 482 3927 β

304 3950 350 4004 36.
371 3951 505 4015 35555551
537 3950 546 4017 ll
577 3950 752 4018 lpropinquo
766 3951 828 4003 HM
856 3957 864 4019 ll
896 3952 1099 4019 bnanctusB13
1120 3954 1257 4026 nantusrl
1275 3954 1283 4026 ll

212 4039 231 4090 ‘7
251 4039 284 4090 ad
304 4057 333 4105 5;
353 4038 414 4104 inp
445 4038 453 4106 ll
485 4037 674 4105 85515555
711 4041 719 4103 ll
756 4040 798 4092 his
819 4040 856 4107 Sp
890 4042 898 4110 ll
934 4043 959 4095 8.
980 4043 996 4095 9
1015 4044 1107 4110 portus
1131 4058 1197 4111 quos
1220 4043 1283 4096 reli-

210 4142 283 4194 quae
301 4134 329 4193 β;
349 4143 414 4194 quos
434 4127 528 4196 reliqui
548 4130 639 4196 portus
660 4148 676 4178 u

304 4216 456 4283 35155
487 4218 495 4285 ll
528 4220 593 4271 555
612 4233 640 4271 se
660 4218 717 4285 sip
753 4220 761 4282 ll
797 4219 952 4274 6551551155·
971 4240 1024 4288 απ;
1048 4224 1075 4274 et
1093 4221 1248 4293 celeriterp
