2924 4808
206 284 268 346 158
604 297 710 351 BELLI
729 297 871 352 GALLICI

175 463 353 527 aexercitu.
400 462 446 524 sic
463 461 607 523 omnium
624 462 747 524 animos
764 462 859 523 timor
875 465 1097 543 occupaverat,
1121 466 1158 522 ut
1172 477 1274 542 paene

203 569 339 658 alienata
370 572 476 631 mente
510 567 621 630 deletis
655 567 803 630 omnibus
835 568 934 650 copiis
963 567 1141 649 equitatum
1170 585 1203 630 se
1232 586 1274 629 ex

202 676 278 758 fuga
300 676 456 758 recepisse
480 675 622 737 dicerent
644 693 749 755 neque
765 674 920 737 incolumi
936 674 1081 736 exercitu
1097 673 1273 736 Germanos
1289 695 1320 737 ro

175 788 305 847 icastra
328 787 565 866 oppugnaturos
592 781 690 844 fuisse
715 780 952 844 contenderent.
1003 799 1099 862 quem
1126 781 1274 843 timorem

147 903 184 958 42
203 889 346 952 Caesaris
379 889 535 951 adventus
568 888 704 951 sustulit.
754 887 913 950 Reversus
945 886 1000 950 ille
1032 891 1167 950 eventus
1196 885 1301 951 bellir

202 1015 267 1058 non
291 997 443 1078 ignorans
466 1014 581 1076 unum,
607 995 692 1076 quod
716 994 861 1058 cohortes
884 1014 925 1056 ex
941 994 1077 1056 statione
1101 998 1132 1056 et
1153 996 1274 1077 praesi-

204 1102 256 1165 dio
281 1107 386 1166 essent
410 1104 556 1183 emissae,
582 1106 712 1184 questus
729 1139 770 1147 —
788 1120 828 1164 ne
851 1101 1022 1163 minimum
1039 1100 1167 1181 quidem
1186 1102 1275 1164 casui

202 1210 309 1273 locum
333 1208 473 1290 relinqui
497 1209 700 1272 debuisse-
719 1209 856 1271 multum
872 1207 1033 1270 fortunam
1054 1209 1089 1270 in
1105 1208 1274 1290 repentino

176 1317 342 1382 abostium
366 1314 506 1378 adventu
529 1316 670 1397 potuisse
693 1315 861 1395 iudicavit,
883 1315 985 1377 multo
1010 1315 1106 1378 etiam
1127 1314 1305 1397 ampliuss

205 1422 290 1506 quod
317 1441 418 1505 paene
451 1420 490 1485 ab
518 1422 586 1504 ipso
615 1422 698 1484 vallo
727 1423 889 1504 portisque
918 1426 1094 1484 castrorum
1121 1420 1275 1484 barbaros

176 1530 377 1595 cavertisset.
425 1547 561 1609 quarum
585 1530 730 1591 omnium
753 1548 862 1592 rerum
884 1530 1025 1591 maxime
1050 1529 1274 1591 admirandum

203 1636 382 1716 videbatur,
407 1635 493 1717 quod
518 1636 681 1715 Germani,
706 1636 762 1717 qui
788 1654 825 1698 eo
842 1635 976 1698 consilio
997 1635 1147 1698 Rhenum
1171 1640 1275 1698 trans-

202 1744 319 1826 ierant,
356 1748 392 1805 ut
426 1741 623 1825 Ambiorigis
658 1741 739 1805 fines
777 1741 1059 1825 depopularentur,
1098 1741 1138 1804 ad
1172 1747 1276 1805 castra

202 1849 420 1913 Romanorum
459 1849 554 1912 delati
592 1850 823 1932 optatissimum
862 1848 1044 1931 Ambiorigi
1082 1847 1273 1912 beneficium
1288 1869 1319 1910 ro

204 1957 392 2020 obtulerant.

149 2079 185 2134 43
293 2062 409 2127 Caesar
436 2083 548 2126 rursus
578 2064 617 2127 ad
639 2063 806 2126 vexandos
833 2063 939 2126 hostes
966 2062 1127 2145 profectus
1156 2082 1301 2146 magnor

207 2168 382 2254 <equitum>
410 2175 518 2232 coacto
543 2188 674 2232 numero
694 2189 736 2233 ex
750 2168 898 2232 finitimis
915 2169 1096 2232 civitatibus
1111 2171 1145 2232 in
1162 2189 1275 2234 omnes

177 2283 307 2361 apartes
336 2277 472 2340 dimittit.
525 2296 634 2340 omnes
661 2277 725 2339 vici
752 2282 848 2358 atque
873 2277 979 2339 omnia
1007 2275 1161 2359 aedificia,
1191 2295 1275 2357 quae

205 2385 342 2466 quisque
367 2390 588 2466 conspexerat,
615 2382 879 2463 incendebantur,
908 2383 1025 2466 praeda
1053 2402 1095 2446 ex
1123 2383 1275 2446 omnibus

176 2491 282 2558 elocis
306 2490 471 2573 agebatur,
500 2492 661 2553 tramenta
683 2510 749 2553 non
774 2490 877 2553 solum
907 2512 925 2554 a
952 2494 1041 2552 111111
1067 2489 1305 2554 multitudines

203 2599 422 2661 iumentorum
454 2602 549 2679 atque
582 2598 749 2660 hominum
778 2597 1059 2679 consumebantur,
1092 2597 1148 2660 sed
1177 2597 1275 2660 etiam

205 2707 281 2767 anni
315 2710 455 2787 tempore
488 2709 582 2785 atque
610 2702 766 2766 imbribus
798 2703 1046 2787 procubuerant,
1080 2709 1127 2786 ut,
1161 2704 1189 2766 si
1219 2705 1276 2786 qui

205 2813 300 2875 etiam
331 2812 568 2894 inpraesentia
600 2829 634 2874 se
663 2811 886 2892 occultassent,
919 2817 1025 2875 tamen
1057 2811 1108 2874 his
1137 2810 1275 2919 deducto

176 2920 349 2984 rexercitu
371 2937 479 2981 rerum
504 2919 647 2981 omnium
670 2919 779 3001 inopia
800 2918 1001 3001 pereundum
1025 2918 1197 2981 videretur.
1238 2937 1275 2981 ac

204 3045 297 3108 saepe
326 3027 362 3087 in
385 3045 459 3088 eum
482 3025 589 3088 locum
616 3030 748 3089 ventum
777 3030 824 3087 est
851 3030 937 3088 tanto
966 3024 1002 3086 in
1030 3043 1140 3087 omnes
1168 3031 1275 3107 partes
1289 3042 1318 3084 ro

204 3133 334 3194 dimisso
360 3133 516 3214 equitatu,
540 3137 575 3194 ut
599 3131 687 3215 [non]
711 3131 806 3194 modo
823 3133 928 3194 visum
947 3131 985 3193 ab
1003 3150 1036 3194 se
1053 3130 1275 3214 Ambiorigem

203 3240 238 3300 in
261 3238 337 3321 fuga
360 3240 639 3321 circumspicerent
663 3239 780 3320 captivi
800 3256 859 3300 neo
874 3238 968 3320 plane
992 3239 1088 3301 etiam
1103 3237 1208 3301 abisse
1233 3257 1276 3302 ex

293 3467 435 3520 Somnino
455 3487 472 3518 a
504 3467 513 3536 l
545 3469 786 3535 praeoccupauerat
805 3486 823 3518 a
859 3468 867 3535 11
904 3466 1087 3534 9equitatum
1107 3467 1147 3534 αῖς
1171 3468 1275 3535 equita·

203 3558 261 3608 tum
279 3558 417 3622 tantumfl

293 3662 338 3716 42.
359 3663 375 3715 2
395 3680 429 3717 ex
448 3664 559 3718 statione
583 3664 632 3716 del.
653 3664 716 3716 HM
747 3665 756 3731 11
793 3663 966 3716 311ίηί111111
987 3663 1137 3730 Heluetiae,
1163 3663 1275 3716 minimo

203 3752 233 3804 X
262 3753 270 3820 11
303 3768 399 3805 casua
431 3752 439 3821 11
472 3753 690 3823 ‘lacertissentq
722 3753 730 3820 l
764 3755 796 3805 11
811 3751 1013 3805 obtuleruntaa
1044 3753 1053 3821 l
1086 3751 1275 3806 1111101111

204 3841 395 3907 boneficiumss

293 3949 338 4004 43.
360 3949 514 4016 aequitum
537 3949 598 4002 add.
619 3949 709 4002 Mada.
749 3951 757 4015 ll
793 3948 1050 4016 4incendebantur,
1074 3964 1169 4016 pecora
1191 3948 1275 4002 inter-

203 4037 372 4106 ficiebantur,
392 4039 522 4105 praedali
550 4039 558 4106 11
582 4040 597 4092 5
617 4054 703 4091 111111.
725 4058 742 4089 o
770 4043 778 4106 11
808 4040 831 4092 5.
852 4039 868 4093 6
888 4040 961 4091 tanta
979 4037 1118 4091 hominurn
1141 4037 1274 4092 iumento-

204 4143 316 4195 rumque
335 4126 539 4195 multitudinefl
570 4133 579 4196 11
612 4128 726 4181 61111111
745 4135 834 4194 011111
865 4129 874 4197 l
907 4129 938 4179 11
960 4127 1069 4180 dimisso
1082 4127 1169 4194 Paul,
1188 4127 1277 4181 diuiso

203 4216 234 4269 X
263 4217 272 4283 l
304 4217 476 4282 oenomai,
496 4218 629 4271 11110111.
655 4218 664 4286 l
691 4217 735 4286 (12
749 4217 983 4285 circumspicerent
995 4216 1035 4283 X;
1048 4216 1231 4284 conspicerent
1244 4217 1275 4286 a)
