2924 4808
204 290 266 352 186
602 301 707 356 BELLI
726 302 868 356 GALLICI

201 468 338 530 stionem
361 466 399 530 de
420 465 512 528 bonis
533 465 665 547 direptis
685 466 872 546 decernunt,
896 464 1050 529 Litavicci
1072 465 1270 548 fratrumque

202 573 287 636 bona
308 572 486 656 publicant,
514 573 634 655 legatos
658 571 698 634 ad
721 571 887 634 Caesarem
910 572 1070 654 purgandi
1095 573 1147 634 sui
1170 573 1296 655 gratias

170 681 341 746 amittunt.
381 679 460 742 liaeo
479 680 599 742 faciunt
616 679 905 761 recuperandorum
929 698 1060 741 suorum
1082 697 1190 757 causa3
1215 679 1269 742 sed

202 788 410 849 contaminati
432 787 572 849 facinore
596 791 627 848 et
650 787 731 868 capti
757 786 944 869 compendio
961 804 1002 848 ex
1018 784 1150 868 direptis
1170 784 1271 866 bonis,

202 894 287 976 quod
317 914 354 956 ea
381 913 431 956 res
454 893 493 956 ad
517 893 634 955 multos
659 891 847 975 pertinebat,
877 897 909 955 et
933 894 1046 955 timore
1069 911 1191 975 poenae
1216 911 1270 955 ex·

202 1001 303 1063 territi
328 1001 461 1063 consilia
484 1000 565 1062 clam
589 1000 628 1062 de
652 998 735 1062 bello
764 1001 845 1062 inire
874 1000 1033 1082 incipiunt
1060 1000 1270 1082 civitatesque

172 1108 341 1188 treliquas
364 1106 577 1189 legationibus
601 1107 780 1169 sollicitant.
827 1124 910 1188 quae
933 1107 1059 1169 tametsi
1083 1105 1200 1169 Caesar
1221 1107 1270 1169 in·
1284 1129 1310 1170 10

201 1213 381 1294 tellegebat,
405 1219 510 1276 tamen
536 1233 631 1294 quam
655 1214 823 1277 mitissime
846 1219 951 1296 potest
973 1213 1094 1296 legatos
1118 1214 1267 1297 appellat:

202 1321 282 1382 nihil
306 1339 340 1382 se
364 1327 491 1403 propter
513 1321 711 1384 inscientiam
736 1320 960 1402 levitatemque
977 1321 1068 1403 vulgi
1082 1321 1215 1403 gravius
1232 1321 1270 1384 dc

202 1428 330 1489 civitate
354 1427 495 1489 iudicare
522 1445 629 1508 neque
657 1428 696 1490 de
725 1447 783 1489 sua
810 1429 843 1488 in
867 1426 1019 1489 Haeduos
1047 1426 1271 1490 benevolentia

171 1533 396 1599 ademinuere.
442 1535 510 1616 ipse
537 1536 687 1596 maiorem
716 1533 835 1597 Galliae
864 1539 986 1596 motum
1015 1539 1201 1617 expectans,
1230 1554 1270 1598 ne

202 1639 242 1702 ab
272 1641 420 1704 omnibus
451 1641 635 1704 civitatibus
668 1642 968 1721 circumsideretur,
1001 1641 1136 1704 consilia
1162 1641 1271 1724 inibat,
1285 1661 1310 1705 15

202 1767 297 1829 quem
322 1747 361 1811 ad
385 1749 514 1810 modum
535 1747 728 1830 aGergovia
752 1749 924 1811 discederet
947 1767 983 1810 ac
1006 1768 1118 1811 rursus
1144 1767 1271 1811 omnem

202 1856 381 1918 exercitum
410 1857 622 1935 contraheret,
656 1875 695 1918 ne
724 1856 875 1937 profectio
904 1862 979 1918 nata
1007 1855 1045 1919 ab
1074 1857 1188 1918 timore
1218 1856 1271 1918 de·

202 1962 345 2024 lectionis
369 1963 548 2044 similisque
570 1963 663 2045 fugae
688 1963 856 2024 videretur.

141 2086 182 2137 44
291 2068 379 2130 Haec
395 2070 546 2150 cogitanti
563 2052 705 2132 accidere
720 2070 789 2131 visa
805 2074 852 2132 est
866 2069 999 2132 facultas
1015 2069 1097 2132 bene
1113 2070 1271 2152 gerendae
1286 2091 1297 2132 1

202 2175 257 2237 rei.
297 2195 370 2236 nam
395 2194 466 2237 oum
492 2177 526 2237 in
551 2178 672 2238 minora
694 2181 796 2238 castra
818 2177 921 2258 operis
942 2177 1152 2259 perspiciendi
1176 2195 1272 2239 causa

203 2282 354 2363 venisset,
382 2283 605 2345 animadvertit
628 2283 754 2364 collem,
784 2284 840 2365 qui
863 2283 902 2345 ab
927 2283 1070 2346 hostibus
1094 2282 1271 2366 tenebatur,

192 2389 359 2478 nudatum
374 2390 570 2469 hominibus,
590 2392 645 2471 qui
662 2390 877 2472 superioribus
894 2389 1008 2452 diebus
1025 2391 1081 2451 vix
1097 2409 1172 2472 prae
1189 2390 1271 2453 mul-

173 2496 341 2562 atitudine
360 2497 447 2559 cerni
466 2501 595 2579 poterat.
636 2498 809 2560 admiratus
829 2498 953 2578 quaerit
975 2515 1016 2558 ex
1033 2497 1176 2580 perfugis
1197 2516 1297 2560 cau-a

201 2622 282 2682 sam,
308 2622 444 2684 quorum
464 2623 600 2684 magnus
621 2603 661 2665 ad
682 2622 754 2666 eum
773 2604 887 2666 cotidie
908 2622 1059 2666 numerus
1080 2601 1271 2667 confluebat.

173 2709 366 2775 aconstabat
389 2710 472 2772 inter
495 2728 618 2790 omnes,
648 2710 730 2791 quod
760 2711 824 2771 iam
851 2711 919 2792 ipse
944 2708 1058 2773 Caesar
1080 2729 1137 2793 per
1160 2711 1272 2793 explo-

201 2821 319 2878 ratores
344 2822 549 2898 cognoverat,
573 2816 703 2879 dorsum
726 2836 794 2879 esse
817 2817 886 2879 eius
909 2817 976 2899 iugi
1000 2835 1098 2899 prope
1122 2836 1272 2898 aequum,

200 2922 256 2985 sed
286 2923 429 2985 silvestre
458 2929 488 2986 et
516 2928 699 3006 angustum,
731 2944 795 3006 qua
823 2930 905 2986 esset
932 2923 1037 2986 aditus
1071 2923 1110 2986 ad
1139 2924 1271 2987 alteram

170 3034 323 3111 4partom
348 3030 470 3112 oppidi,
496 3031 699 3093 vehementer
721 3031 796 3093 huic
815 3031 888 3094 illos
908 3031 976 3092 loco
997 3032 1107 3093 timore
1126 3049 1187 3093 nec
1206 3032 1271 3093 iam
1287 3049 1310 3091 ro

203 3136 293 3198 aliter
316 3138 432 3200 sentire
461 3157 525 3199 uno
550 3138 630 3200 colle
654 3137 693 3199 ab
716 3135 868 3200 Romanis
895 3143 1049 3220 ‘occupato
1078 3138 1105 3200 si
1133 3138 1272 3201 alterum

203 3243 394 3322 amisissent,
420 3244 496 3324 quin
520 3263 620 3327 paene
640 3245 872 3307 circumvallati
895 3251 990 3326 atque
1014 3245 1101 3306 omni
1125 3245 1217 3307 exitu
1242 3250 1274 3308 ot

170 3348 406 3430 apabulatione
438 3351 601 3413 interclusi
631 3351 820 3413 viderentur.
868 3351 907 3412 ad
940 3351 1026 3413 huno
1059 3351 1272 3414 muniendum

291 3577 426 3630 dlitauioi
446 3578 501 3646 S(f)
534 3579 542 3646 11
575 3580 651 3633 bsui
670 3580 799 3648 purgandi
819 3600 835 3630 α
867 3579 876 3647 11
908 3581 1019 3633 doausa
1037 3586 1182 3647 suorumss
1214 3581 1223 3649 11
1255 3581 1273 3635 8

200 3667 256 3737 (et)
277 3667 347 3735 quod
365 3667 440 3720 Potd
471 3673 479 3735 11
512 3670 538 3721 et
556 3686 608 3721 om.
629 3687 658 3735 a,
679 3669 753 3721 Paul
784 3668 792 3737 11
825 3668 859 3721 12
878 3668 1054 3722 etleuitatcm
1065 3667 1141 3737 uulgi
1153 3676 1171 3735 β
1199 3668 1208 3740 11
1239 3671 1273 3724 15

198 3756 354 3809 ciuitatibus
373 3764 460 3823 0me
492 3758 500 3824 11
535 3759 566 3810 16
587 3774 603 3810 a
621 3776 654 3826 (p,
674 3759 747 3826 abffi
766 3765 855 3824 onass
886 3760 894 3821 11
928 3759 960 3811 17
974 3757 1130 3811 contrahere
1146 3777 1163 3809 o
1197 3759 1206 3827 11
1238 3776 1272 3813 na

199 3846 241 3913 X;
261 3862 310 3899 noo
328 3845 442 3899 Nitsobe
474 3847 482 3914 11
514 3852 564 3911 art
595 3847 603 3913 11
638 3845 670 3898 18
689 3863 741 3914 que
760 3864 812 3899 om.
833 3866 850 3897 α

289 3955 336 4008 41.
359 3956 381 4005 l.
402 3953 418 4004 2
438 3953 504 4005 bene
523 3952 561 4005 rei
580 3954 709 4020 gerendae
722 3973 740 4004 α
772 3956 780 4023 11
813 3954 1044 4022 2prospioiendip
1076 3955 1084 4023 11
1117 3955 1273 4008 3animnm

197 4041 317 4094 aduertit
335 4042 371 4094 ab
403 4042 411 4109 11
444 4044 601 4109 bpotuarat
619 4042 680 4094 HM
708 4043 716 4111 11
749 4043 859 4095 miratus
878 4043 953 4096 Paul
988 4043 997 4111 11
1032 4044 1115 4097 9sed
1134 4043 1207 4098 hunc
1225 4045 1273 4098 sil-

201 4133 317 4183 uestrem
333 4133 360 4183 et
379 4151 396 4182 α
424 4130 432 4199 11
458 4132 490 4185 10
509 4131 597 4199 oppidi
616 4134 718 4199 partem
736 4139 753 4198 β
776 4133 783 4202 11
806 4131 869 4185 huic
887 4130 945 4186 loco
966 4134 1141 4186 uehementer
1159 4132 1219 4187 illos
1237 4134 1272 4187 ti-

197 4226 309 4285 mered
341 4222 349 4288 11
381 4221 413 4272 11
434 4226 484 4286 ap
516 4221 524 4288 11
558 4220 590 4272 12
609 4219 771 4290 amisissent,
791 4237 844 4274 non
862 4221 976 4274 dubitari
995 4221 1093 4290 quinp
