2924 4808
518 267 626 321 LIBER
644 268 690 323 VI.
711 267 786 323 CAP.
807 268 927 323 24-29.
1194 255 1256 317 149

183 427 270 494 rsuut
292 430 384 511 item,
409 449 491 513 quae
515 431 714 514 appellantur
736 431 826 495 alces.
873 432 987 495 harum
1014 437 1062 495 θεῖ
1085 433 1259 496 consimilis
1277 439 1312 494 27

200 537 291 620 capris
314 535 418 621 figura
443 541 475 600 et
497 537 635 600 varietas
657 537 803 621 pellium,
832 538 888 602 sed
915 538 1135 622 magnitudine
1163 540 1258 622 paulo

197 643 384 707 antecedunt
405 644 603 727 mutilaeque
626 650 701 708 suut
724 645 874 708 comibus
898 650 929 709 et
952 665 1045 708 crura
1073 647 1142 708 siue
1166 647 1258 709 nodis

195 749 397 831 articulisque
419 749 552 833 habent,
577 770 685 834 neque
710 753 825 832 quietis
849 770 945 815 causa
966 752 1179 834 procumbunt
1202 771 1286 818 nea

170 875 264 938 aque,
292 858 320 920 si
350 876 414 939 quo
443 856 589 920 adflictae
618 877 695 922 casu
723 849 946 939 conciderunt,
974 859 1095 942 erigere
1124 877 1192 922 sese
1221 879 1257 922 ac

191 962 356 1027 sublevare
384 970 527 1047 possunt.
576 965 626 1028 his
654 970 730 1028 sunt
765 965 893 1029 arbores
925 985 981 1048 pro
1010 964 1183 1045 cubilibus,
1217 966 1286 1032 ade

190 1089 241 1135 eas
263 1090 299 1134 se
323 1070 484 1154 adplicant
500 1076 595 1153 atque
613 1073 659 1135 ita
673 1072 805 1154 paulum
821 1072 915 1135 modo
931 1071 1101 1136 reclinatae
1118 1074 1258 1155 quietem

189 1177 327 1261 capiunt.
375 1197 511 1261 quarum
540 1197 581 1240 ex
603 1179 747 1261 vestigiis
776 1198 850 1241 oum
878 1184 926 1242 est
953 1179 1210 1242 animadversum
1239 1200 1285 1244 aa

187 1284 407 1367 venatoribus,
436 1304 499 1366 quo
527 1304 562 1348 se
590 1287 730 1367 recipere
759 1287 956 1365 consuerint,
985 1304 1095 1348 omnes
1123 1299 1160 1349 eo
1187 1286 1257 1349 loco

150 1395 243 1455 roaut
265 1390 305 1454 ab
330 1389 491 1454 radicibus
515 1391 676 1454 subruunt
704 1397 759 1454 aut
787 1392 938 1454 accidunt
966 1390 1107 1473 arbores,
1134 1397 1258 1455 tantum

187 1502 223 1562 ut
245 1517 373 1561 summa
396 1499 517 1580 species
541 1517 651 1561 earum
675 1500 828 1561 stantium
852 1498 1060 1579 relinquatur.
1099 1499 1162 1562 huc
1183 1519 1285 1565 cuma

187 1623 221 1668 se
249 1605 483 1668 consuetudine
509 1605 758 1687 reclinaverunt,
791 1605 933 1668 infirmas
962 1606 1091 1669 arbores
1117 1607 1257 1689 pondere

162 1710 347 1795 radfliguut
370 1716 466 1792 atque
489 1730 555 1774 une
577 1712 664 1794 ipsae
687 1711 871 1774 concidunt.
916 1711 1057 1775 Tertium
1085 1718 1133 1776 est
1156 1733 1257 1796 genus
1276 1729 1313 1784 28

188 1837 313 1900 eorum,
338 1819 394 1902 qui
417 1819 469 1882 uri
492 1818 697 1902 appellantur.
749 1819 782 1881 hi
811 1823 886 1882 sunt
912 1820 1134 1902 magnitudine
1162 1821 1257 1903 paulo

188 1925 271 1989 infra
293 1925 490 2008 elephantos,
514 1927 618 2008 specie
643 1931 675 1989 et
697 1926 802 1989 colore
826 1930 858 1989 et
879 1924 982 2009 figura
1005 1929 1096 1989 tauri.
1142 1947 1258 2010 magna
1272 1951 1296 2005 a,

188 2034 237 2096 ris
264 2051 377 2096 eorum
405 2037 452 2096 est
480 2038 511 2095 θῖ
539 2053 656 2115 magna
679 2032 843 2113 velocitas,
871 2052 975 2113 neque
1002 2033 1125 2097 homiui
1153 2053 1257 2114 neque

163 2140 285 2222 aferae,
315 2159 412 2223 quam
439 2144 689 2222 conspexerunt,
714 2143 856 2222 parcunt.
904 2140 961 2202 hos
988 2141 1130 2204 studiose
1157 2140 1285 2206 foveise

152 2308 154 2313 ⁴
190 2253 296 2330 captos
319 2244 524 2310 interficiunt.
569 2245 630 2309 hoo
654 2246 817 2309 solabere
841 2246 957 2308 durant
976 2247 1196 2311 adulescentes
1212 2253 1257 2310 at-

191 2373 251 2436 que
274 2354 335 2417 hoc
358 2371 473 2436 genere
497 2353 678 2417 venationis
702 2357 865 2435 exercent,
894 2357 925 2416 et
953 2354 1010 2433 qui
1032 2353 1187 2436 plurimos
1215 2374 1257 2417 ex

189 2460 238 2524 his
260 2460 501 2543 interfecerunt,
524 2461 633 2523 relatis
655 2461 690 2522 in
713 2460 878 2542 publicum
897 2460 1062 2540 cornibus,
1087 2480 1170 2542 quae
1194 2463 1257 2523 sint
1281 2539 1284 2546 ἢ

190 2568 385 2648 testimonio,
418 2586 566 2650 magnam
598 2567 705 2630 ferunt
731 2567 867 2629 laudem.
918 2567 974 2630 sed
1002 2568 1189 2631 adsuescere
1217 2567 1285 2632 adr

155 2691 179 2732 ιο
190 2673 334 2738 homines
358 2678 390 2736 et
412 2673 616 2737 mansuefieri
631 2692 672 2736 ne
687 2674 812 2756 parvuli
829 2672 958 2755 quidem
974 2676 1099 2757 excepti
1114 2680 1256 2763 possunt,

191 2780 363 2863 amplitudo
389 2800 545 2843 cornuum
569 2785 601 2844 et
623 2780 728 2863 figura
751 2785 782 2843 et
797 2780 919 2863 species
934 2779 1073 2843 multum
1098 2787 1284 2849 anostro-a

190 2907 261 2950 rum
284 2886 382 2950 boum
406 2887 556 2950 cornibus
580 2887 692 2950 differt.
738 2888 816 2950 haec
840 2888 980 2950 studiose
1010 2888 1189 2967 conquisita
1217 2887 1284 2955 abe

190 2992 285 3056 labris
310 2999 441 3077 argento
466 2994 725 3057 circumcludunt
748 2999 843 3074 atque
866 2995 901 3055 iu
925 2993 1127 3076 amplissimis
1155 2995 1256 3078 epulis

190 3119 244 3182 pro
267 3101 392 3183 poculis
415 3105 559 3164 utuntur.
1056 3087 1057 3090 '
1313 3109 1333 3149 ο

168 3223 179 3264 1
278 3205 406 3289 Caesar,
439 3212 609 3290 postquam
643 3227 700 3290 per
727 3207 828 3270 Ubios
861 3207 1076 3290 exploratores
1104 3210 1258 3291 comperit
1275 3224 1314 3280 29

192 3311 311 3378 Suebos
335 3333 404 3378 sese
429 3315 463 3376 iu
487 3315 583 3376 silvas
606 3316 775 3397 recepisse,
798 3317 940 3398 inopiam
957 3316 1109 3378 frumenti
1128 3317 1256 3399 veritus,

192 3420 288 3503 quod,
312 3426 460 3504 utsupra
477 3421 777 3503 demonstravimus,
795 3423 928 3485 minime
943 3410 1089 3485 homines
1107 3422 1257 3486 Germani

192 3530 255 3610 agri
271 3528 416 3591 culturae
432 3528 572 3610 student,
597 3529 763 3591 constituit
781 3549 847 3592 non
862 3530 1011 3612 progredi
1026 3530 1167 3612 lougius3
1193 3529 1286 3612 sed,a

168 3647 229 3696 tne
253 3637 383 3698 omnino
407 3640 530 3699 metum
553 3636 675 3698 reditus
699 3637 750 3698 sui
773 3634 916 3698 barbaris
944 3636 1069 3700 tolleret
1096 3641 1192 3716 atque
1220 3641 1256 3697 ut

276 3828 322 3884 27.
343 3830 357 3881 1
378 3827 444 3882 alteo
465 3849 482 3879 α
514 3830 522 3898 Η
555 3829 637 3881 2sed
656 3846 708 3880 cm.
727 3835 756 3895 di
777 3829 833 3895 bf
860 3830 868 3896 tl
900 3827 1258 3896 εῖειιῖίθιιῖίεῳῖθΕΜὮΞβ·7

192 3916 340 3986 articlisque
360 3937 377 3969 a
409 3923 418 3986 ΙΙ
451 3921 550 3983 5εθβ
581 3922 590 3984 Η
622 3933 652 3970 ac
670 3924 699 3984 βς
718 3920 764 3970 aut
784 3937 801 3968 a
834 3920 842 3986 i
876 3918 944 3970 lOa
961 3924 978 3982 β

276 4007 322 4061 28.
342 4008 360 4058 4
379 4006 420 4059 uis
439 4009 480 4059 est
498 4013 625 4073 corumpi
653 4011 661 4073 i
693 4007 820 4059 velocitas
840 4009 866 4058 et
884 4013 1005 4073 nequer?
1035 4006 1043 4072 ll
1076 4007 1259 4073 beonspexe·

191 4094 242 4148 rint
260 4095 361 4164 (S)Q²p
392 4097 401 4165 tl
434 4096 468 4150 10
486 4095 618 4148 mansueti
635 4096 734 4164 lieriip
766 4097 774 4163 i
809 4097 839 4147 11
861 4111 876 4148 a
895 4112 946 4146 om.
968 4114 985 4144 α

276 4185 322 4240 29.
343 4185 359 4237 2
378 4192 512 4252 εεθιιοεβ
544 4185 552 4252 ll
584 4192 648 4250 εθβ
680 4186 687 4252 Η
720 4184 875 4237 3homines
896 4183 1005 4250 Davis.;
1025 4198 1115 4236 omues
1133 4182 1166 4236 X
