2924 4808
532 309 639 363 LIBER
658 309 691 362 V.
712 308 787 362 CAP.
807 309 906 363 9-1‘2.
1193 293 1256 356 105

84 492 87 497 ’
188 473 298 555 nibus,
328 491 410 555 quae
439 475 503 536 sint
529 472 615 555 apud
643 491 729 556 euni,
758 492 856 536 naves
883 473 1038 535 instituat.
1090 472 1168 554 ipse,
1198 473 1286 537 etsie

150 606 175 647 1o
188 599 238 644 res
262 586 330 644 erat
352 581 471 644 multae
490 599 604 663 operae
624 599 660 642 ac
678 580 809 662 laboris,
834 584 939 642 tanaen
963 579 1257 642 commodissimum

188 707 257 751 esse
281 688 392 750 statuit
415 707 525 751 omnes
547 706 646 750 naves
670 685 806 750 subduci
830 692 952 749 etcum
973 686 1083 748 castris
1106 705 1170 747 una
1187 705 1257 748 mu·

188 795 311 857 uitione
335 794 495 877 coniungi.
542 795 576 856 in
603 794 653 855 his
676 794 772 857 rebus
796 794 922 856 circiter
945 793 1012 855 dies
1034 791 1069 855 X
1097 793 1287 855 consumite

188 921 230 965 ne
250 902 416 964 nocturnis
436 900 564 982 quidem
580 900 775 983 temporibus
794 900 834 962 ad
848 899 990 963 laborem
1006 900 1144 962 militum
1159 902 1256 961 inter·

188 1010 303 1071 missis.
351 1007 517 1070 subductis
535 1009 671 1070 navibus
690 1009 867 1089 castrisque
890 1007 1015 1090 egregie
1034 1007 1166 1069 munitis
1190 1025 1286 1072 eas-u

150 1139 175 1180 15
190 1115 262 1178 dem
287 1117 408 1198 copias,
433 1135 513 1196 quas
537 1120 623 1196 ante,
647 1115 804 1197 praesidio
828 1113 965 1176 navibus
994 1113 1161 1195 relinquit,
1190 1114 1257 1195 ipse

190 1221 317 1303 eodem,
352 1221 438 1284 unde
469 1221 619 1302 redierat,
655 1219 874 1304 proficiscitur.
930 1240 967 1283 eo
1005 1240 1078 1283 cuni
1111 1221 1287 1300 venisset,s

189 1331 327 1392 maiores
349 1329 413 1390 iam
438 1328 580 1410 undique
607 1330 641 1389 in
670 1346 743 1390 eum
768 1328 874 1390 locum
898 1329 1006 1410 copiae
1029 1327 1258 1390 Britannorum

190 1441 408 1499 convenerant
435 1438 559 1498 sumina
581 1436 706 1517 imperii
733 1434 873 1515 bellique
902 1434 1145 1497 administrandi
1174 1453 1259 1496 com-

189 1544 282 1605 muni
306 1542 438 1605 consilio
462 1544 616 1625 permissa
640 1540 891 1622 Cassiuellauno,
914 1542 1007 1604 carius
1030 1541 1109 1604 fines
1129 1561 1146 1603 a
1164 1541 1259 1602 mari-

151 1650 276 1712 aotimis
301 1648 482 1712 civitatibus
504 1649 627 1712 flumen
651 1649 777 1729 dividit,
803 1649 889 1731 quod
913 1649 1089 1731 appellatur
1111 1649 1259 1728 Tamesis,

191 1760 210 1817 'a
241 1756 323 1819 mari
350 1757 476 1819 circiter
503 1756 591 1819 milia
619 1776 771 1838 passuum
799 1755 934 1819 LXXX.
986 1755 1061 1817 huic
1095 1755 1289 1837 superiores

192 1869 333 1946 ternpore
361 1882 434 1926 cum
457 1863 590 1945 reliquis
618 1863 801 1926 civitatibus
829 1863 1026 1925 continentia
1053 1862 1136 1924 bella
1162 1863 1260 1924 inter·

193 1975 366 2049 cesserant3
392 1970 448 2033 sed
471 1974 579 2034 nostro
603 1971 743 2033 adventu
766 1971 901 2052 permoti
921 1969 1069 2032 Britanni
1092 1969 1178 2031 hunc
1202 1969 1260 2031 toti

192 2077 276 2140 bello
301 2077 499 2159 imperioque
522 2077 746 2160 praefecerant.

167 2205 179 2246 1
282 2184 468 2248 Britanniae
491 2204 563 2267 pars
586 2184 720 2246 interior
747 2184 784 2246 ab
809 2185 848 2246 iis
862 2184 1036 2265 incolitur,
1066 2202 1146 2265 quos
1170 2188 1261 2245 natos
1279 2191 1317 2245 12

192 2293 226 2352 in
250 2290 357 2352 insula
383 2291 452 2373 ipsa
480 2291 633 2354 memoria
660 2290 821 2373 proditum
851 2291 974 2370 dicunt,
1003 2291 1162 2351 maritima
1188 2306 1288 2371 pansa

194 2397 232 2460 ab
260 2398 313 2479 iis,
347 2398 403 2479 qui
432 2399 566 2480 praedae
600 2416 636 2459 ac
665 2397 740 2461 belli
769 2397 926 2461 inferendi
955 2416 1051 2458 caiisa
1079 2414 1120 2458 ex
1149 2396 1261 2478 Belgio

195 2505 389 2567 transierunt
412 2542 453 2551 -
479 2505 536 2586 qui
556 2524 667 2568 ornnes
690 2503 755 2568 fere
773 2505 874 2566 isdem
893 2502 1077 2565 nominibus
1097 2504 1260 2564 civitatum

171 2611 405 2694 sappellantur,
429 2611 545 2692 quibus
570 2612 631 2674 orti
655 2630 696 2674 ex
719 2610 901 2674 civitatibus
926 2629 962 2672 eo
984 2615 1200 2692 pervenerunt
1220 2645 1261 2654 -

196 2722 227 2780 et
249 2717 332 2780 bello
355 2719 453 2781 inlato
477 2717 522 2780 ibi
546 2724 768 2782 remanserunt
791 2724 887 2799 atque
911 2735 1002 2800 agros
1026 2716 1129 2780 colere
1153 2733 1262 2797 coepe-

193 2830 278 2888 runt.
324 2825 491 2888 hominum
514 2830 561 2888 est
576 2825 701 2887 infinita
716 2824 887 2887 multitudo
905 2824 1160 2904 creberrimaque
1176 2822 1293 2884 aedi-a

196 2931 267 2994 ficia
298 2931 363 2995 fere
390 2931 522 2996 Gallicis
555 2931 745 3013 consimilia,
777 2932 900 3014 pecoris
933 2949 1067 3012 magnus
1100 2947 1262 2992 numerus.

197 3042 333 3101 utuntur
357 3037 423 3122 [aut
446 3038 529 3122 aare]
554 3043 608 3101 aut
631 3027 762 3101 nummo
780 3056 875 3100 uitreo
895 3037 955 3100 'aut
978 3037 1068 3099 taleis
1090 3037 1199 3100 ferreis
1223 3036 1293 3098 adr
1390 3060 1397 3077 ·

128 3187 132 3195 .
165 3149 320 3208 1ocertum
357 3145 482 3228 pondus
519 3145 710 3208 examinatis
745 3164 802 3228 pro
838 3163 977 3206 nummo.
1037 3145 1180 3206 nascitur
1215 3143 1293 3205 ibis

198 3297 410 3304 -—-——-.-—.

286 3393 376 3446 9sint
394 3393 501 3460 Morum
521 3396 583 3446 sunt
600 3393 631 3446 X
660 3394 669 3460 'ql
703 3394 735 3446 15
755 3408 820 3460 quas
840 3410 869 3458 o,
889 3398 992 3460 quaed
1024 3393 1032 3456 ll
1063 3392 1186 3460 nauibus]
1207 3391 1265 3444 lue-

198 3483 256 3534 runt
274 3481 373 3549 ‹uldpi
404 3482 412 3550 ll
443 3481 569 3550 relinquit
586 3489 616 3549 β;
634 3481 741 3550 reliquit
760 3499 797 3534 oo
823 3483 831 3550 ll
859 3483 890 3533 17
910 3481 964 3533 iam
984 3487 1072 3546 oneo
1104 3482 1112 3549 ll
1146 3481 1178 3534 19
1198 3480 1266 3532 casi-

200 3569 321 3625 uellauno
341 3590 358 3622 ιι
391 3572 399 3640 ΙΙ
432 3571 464 3624 21
485 3571 585 3625 amari
604 3571 708 3624 circiter
726 3569 799 3623 milia
817 3585 945 3637 passuum
964 3569 1070 3622 LXXX
1090 3570 1139 3621 del.
1160 3569 1219 3621 HM

291 3677 356 3746 Cap.
376 3677 487 3732 12-14
510 3678 640 3732 Caesaris
660 3695 716 3731 csse
735 3682 816 3746 nepot
841 3676 913 3731 Wec.

287 3785 332 3839 12.
354 3786 367 3837 1
387 3784 530 3852 inferiorp]
562 3785 570 3853 ll
607 3785 639 3837 iis
659 3785 699 3851 ol,
723 3784 800 3851 hisp
837 3785 845 3851 ll
883 3784 974 3852 ‘dipsa
993 3802 1023 3851 o;
1047 3784 1097 3851 ipsi
1116 3783 1174 3835 rell.
1208 3784 1216 3850 ll
1249 3784 1267 3836 3

138 3861 148 3912 .'
200 3871 275 3941 hisp
305 3873 315 3941 ll
346 3889 377 3927 ac
395 3873 458 3927 belli
476 3873 606 3927 inserendi
625 3874 673 3927 dcl.
694 3873 782 3942 Apita
813 3873 822 3941 ll
854 3874 1049 3927 4t1·ansierant
1068 3892 1085 3923 a
1120 3874 1128 3941 {l
1165 3871 1265 3924 eisdem

200 3961 285 4030 Poul3
303 3962 336 4016 iis
356 3981 386 4030 α;
404 3962 482 4030 hisp
513 3963 522 4030 ll
555 3963 736 4033 ciuitatiumq
768 3968 777 4030 Η
809 3963 1043 4031 dpernranserunt
1063 3981 1080 4012 α
1113 3963 1121 4024 lt
1153 3960 1267 4013 8Peco·

169 4044 174 4051 ’
200 4067 295 4104 ruma
327 4052 335 4120 ll
368 4067 480 4122 magnus
499 4067 628 4106 numerus
648 4071 677 4120 u,
696 4068 824 4106 numerus
843 4052 970 4120 ingonspl
1001 4053 1009 4119 ll
1042 4052 1124 4104 aaut
1142 4066 1201 4102 aere
1215 4050 1266 4101 dcl.

202 4139 393 4194 TbMommscn
424 4146 433 4209 11
469 4157 549 4196 aureo
569 4160 599 4209 ις
623 4148 733 4208 aereofl
769 4142 777 4209 l!
814 4140 890 4194 taleis
910 4158 944 4207 713
968 4139 1025 4193 aliis
1046 4158 1079 4209 ιιρ
1116 4140 1124 4203 (l
1163 4139 1196 4192 10
1218 4154 1269 4206 pro

200 4247 307 4285 nummo
325 4237 414 4298 ooass
