2924 4808
432 281 541 338 urens
558 284 594 338 11.
614 281 689 339 our.
710 283 828 338 10-13.
1124 266 1167 331 45

56 472 83 514 15
97 453 167 511 tum
182 453 263 531 erat,
288 448 497 512 con-sisterent
511 447 698 530 fortiterque
718 447 872 530 impeturn
889 451 1070 510 nostrorum
1086 447 1170 509 mili-

96 560 167 618 tum
182 556 392 638 sustinerent,
408 549 542 636 priores,
564 553 649 637 qnod
666 553 775 618 abesse
792 574 811 616 a
825 554 967 636 periculo
983 553 1197 619 viderentura

97 680 204 744 neque
228 662 296 724 ulla
322 663 511 726 necessitate
539 680 645 742 neque
673 662 807 744 imperio
832 663 1087 744 continerentur,
1115 679 1170 724 ex-

98 768 208 831 audito
238 769 376 831 elamore
403 766 596 851 perturbatis
625 767 793 830 ordinibus
821 786 930 832 omnes
952 769 988 830 in
1010 761 1086 851 fuga
1108 767 1170 830 sibi

96 876 294 958 praesidium
316 880 480 958 ponerent.
519 875 564 937 ita
587 875 656 937 sine
671 874 738 936 ullo
754 875 895 957 periculo
919 879 1040 938 tantam
1059 893 1197 939 eorume

57 982 340 1048 aomultitudinem
362 982 464 1045 nostri
486 980 727 1062 interfecerunt,
752 987 906 1063 quantum
930 982 991 1045 fuit
1014 981 1077 1045 diei
1100 1001 1170 1064 spa

97 1091 194 1168 tium3
219 1088 280 1152 sub
304 1108 452 1152 occasum
475 1088 552 1152 solis
575 1089 667 1171 sequi
683 1087 874 1152 destiterunt
889 1106 987 1171 seque
1010 1089 1045 1151 in
1060 1093 1170 1172 eastra

97 1201 135 1258 ut
157 1200 226 1260 erat
248 1197 452 1279 imperatum,
474 1200 672 1278 receperunt.

71 1326 84 1367 1
190 1301 348 1367 Postridie
365 1303 434 1366 eius
450 1301 514 1366 diei
526 1300 650 1385 Caesar,
666 1302 865 1385 priusquam
880 1320 915 1365 se
930 1301 1037 1366 hostes
1053 1320 1095 1364 ex
1109 1307 1171 1365 ter·
1189 1316 1225 1371 12

98 1428 171 1472 rore
195 1428 232 1472 ao
255 1408 333 1493 fuga
353 1410 545 1492 reciperent,
567 1410 602 1472 in
617 1406 698 1473 fines
715 1402 937 1490 Suessionum,
962 1410 1018 1490 qui
1033 1410 1172 1492 proximi

98 1515 212 1579 Remis
235 1521 337 1596 erant,
361 1517 540 1580 exercitum
564 1516 658 1578 duxit
680 1522 712 1580 et
735 1534 849 1599 magno
872 1517 986 1579 itinere
1004 1514 1170 1600 [confecto]

99 1622 141 1685 ad
164 1622 320 1706 oppidum
343 1623 572 1687 Noviodunum
592 1623 764 1686 contendit.
810 1621 844 1685 id
868 1641 911 1686 ex
934 1623 1047 1687 itinere
1072 1641 1199 1706 oppu-2

72 1747 201 1812 egnare
217 1736 363 1813 oonatus,
380 1729 466 1813 quod
481 1748 621 1793 vacuum
636 1729 675 1791 ab
692 1729 913 1794 defensoribus
929 1749 998 1793 esse
1015 1729 1172 1812 audiebat,
1230 1778 1232 1784 .

99 1842 231 1920 propter
253 1836 456 1900 latitudinem
477 1836 581 1900 fossae
598 1838 746 1920 murique
767 1836 970 1900 altitudinem
993 1838 1103 1919 paucis
1119 1836 1172 1900 de-

98 1943 306 2007 fendentibus
330 1962 513 2027 expugnare
534 1962 599 2006 non
615 1945 727 2027 potuit.
773 1945 883 2007 castris
906 1945 1040 2008 munitis
1062 1945 1199 2008 vineasa

101 2069 196 2134 agere
230 2069 376 2133 quaeque
410 2051 450 2113 ad
483 2050 733 2135 oppugnandum
766 2051 841 2114 usui
870 2056 961 2114 erant
988 2070 1173 2135 comparare

101 2158 216 2241 coepit
262 2158 392 2222 interim
415 2159 520 2222 omnis
543 2176 585 2220 ex
610 2158 688 2242 fuga
710 2156 920 2221 Suessionum
942 2158 1115 2222 multitudo
1138 2159 1201 2223 ina

61 2287 89 2330 ro
102 2264 258 2349 oppidum
280 2265 429 2349 proxima
451 2270 544 2328 nocte
567 2266 725 2329 convenit.
771 2264 916 2328 celeriter
936 2267 1039 2329 vineis
1062 2264 1101 2328 ad
1119 2285 1200 2349 ope

101 2372 214 2456 pidum
239 2373 331 2452 actis,
359 2390 474 2456 aggere
501 2372 584 2435 iacto
608 2371 816 2454 turribusque
845 2373 1027 2435 constitutis
1051 2375 1174 2456 magni-

102 2479 216 2543 tudine
250 2497 397 2563 operum,
430 2498 513 2562 quae
545 2498 649 2562 nequo
680 2479 828 2543 viderant
860 2483 933 2542 ante
957 2478 1040 2543 Galli
1067 2498 1173 2562 neque

102 2585 286 2667 audierant,
319 2595 350 2649 et
381 2585 543 2651 celeritate
569 2586 789 2649 Romanorum
821 2586 958 2668 permoti
984 2586 1105 2669 legatos
1133 2586 1173 2649 ad

104 2692 271 2756 Caesarem
303 2693 343 2757 de
376 2692 538 2757 deditione
569 2694 702 2757 mittunt
733 2699 765 2756 et
791 2693 973 2776 petentibus
1001 2693 1110 2756 Remis
1125 2695 1175 2757 'ut

77 2806 370 2864 reonservarentur
392 2801 568 2884 impetrant
615 2793 731 2864 Caesar
758 2799 923 2863 obsidibus
952 2802 1087 2883 acceptis
1110 2802 1228 2883 pri-18

103 2908 165 2969 inis
188 2907 329 2971 civitatis
352 2912 447 2990 atque
469 2908 570 2991 ipsius
587 2906 705 2970 Galbae
721 2908 804 2990 regis
820 2906 948 2970 duobus
967 2905 1043 2970 filiis
1064 2909 1174 2971 armis·
1212 2922 1215 2926 ’

105 3031 168 3096 que
191 3013 343 3076 omnibus
365 3032 407 3077 ex
430 3013 545 3097 oppido
569 3013 694 3076 traditis
716 3014 749 3076 in
774 3013 967 3077 deditionem
987 3012 1174 3079 Suessiones

105 3120 222 3204 accipit
252 3118 493 3202 exercitumque
525 3123 559 3183 in
583 3119 770 3183 Bellovacos
803 3121 898 3184 ducit.
946 3122 1002 3203 qui
1034 3140 1108 3184 cum
1140 3140 1202 3185 sea

80 3246 228 3311 ususque
265 3229 373 3290 omnia
408 3229 443 3290 iu
480 3227 634 3311 oppidum
664 3228 928 3309 Bratuspantium
964 3227 1177 3292 contulissent
1257 3229 1260 3236 '

107 3341 201 3415 atque
229 3333 268 3397 ab
297 3354 334 3399 eo
364 3335 480 3418 oppido
509 3333 626 3398 Caesar
657 3354 731 3397 oum
764 3336 907 3399 exercitu
934 3336 1061 3398 circiter
1087 3335 1177 3399 milia

106 3461 260 3523 passuum
296 3441 328 3503 V
366 3440 502 3522 abesset,
541 3461 652 3505 omnes
690 3443 826 3505 maiores
864 3446 944 3504 natu
981 3460 1024 3505 ex
1058 3441 1174 3525 oppido

107 3549 226 3631 egressi
257 3567 372 3611 manus
404 3548 444 3611 ad
467 3546 635 3612 Caesarem
667 3548 797 3613 tendere
829 3553 861 3612 et
883 3567 962 3612 voce
995 3548 1175 3635 significare

108 3659 282 3738 coeperunt
304 3646 431 3723 sese'in
455 3657 524 3719 eius
546 3653 643 3720 fidem
667 3675 704 3719 ac
726 3661 915 3740 potestatem
934 3657 1046 3719 venire
1068 3674 1176 3739 neque

198 3848 233 3904 20
250 3849 436 3916 interfeceress
466 3849 475 3918 ll
507 3849 539 3902 21
554 3865 678 3904 occasum
692 3848 762 3913 Hm
782 3865 1005 3918 occasumquea3
1024 3857 1150 3917 oooasnss
1167 3847 1176 3921 ΙΙ

110 3937 185 4007 sequi
202 3936 276 4006 B²fl3
294 3956 348 3992 om.
369 3958 387 3990 α
840 3929 849 3939 ”

197 4027 242 4084 12.
263 4029 276 4080 l
296 4027 387 4082 hostes
405 4034 470 4096 sep
504 4028 513 4096 ll
551 4029 574 4080 1.
594 4027 611 4080 2
629 4031 729 4082 terrore
747 4045 778 4095 α;
802 4037 900 4096 pauore
923 4035 941 4095 β
976 4028 985 4097 ss
1020 4029 1176 4083 Soonlecto

111 4114 160 4168 dal.
178 4115 265 4186 Nipp.
297 4119 307 4187 ll
338 4119 424 4184 bap
620 4112 623 4120 '

199 4207 244 4263 13.
262 4207 281 4260 4
298 4206 395 4276 accipit
419 4207 512 4272 νικας
530 4206 633 4275 accepit
650 4206 681 4260 X
708 4207 718 4276 ll
749 4205 858 4262 6milia
876 4222 929 4260 om.
950 4224 967 4258 α
999 4207 1008 4276 {l
1040 4207 1160 4275 {ineest

1275 4384 1380 4528 A
