2924 4808
264 299 327 361 194
661 309 766 363 BELLI
785 308 927 363 GALLICI

262 480 329 538 turn
358 473 488 556 quidem
515 474 693 536 necessario
721 472 906 535 faciundum
935 471 1151 552 existimabat,
1180 490 1253 534 cum
1281 472 1329 533 in-

260 582 356 644 famia
388 586 482 662 atquc
514 581 689 663 indignitas
721 581 767 642 rei
800 585 830 643 et
863 579 1026 663 oppositus
1058 597 1152 641 mons
1180 576 1330 642 Cebenna

261 689 450 768 viarumque
475 687 643 750 difficultas
666 687 872 769 impediebat,
900 692 969 750 tum
995 687 1136 749 maxime
1166 686 1253 767 quod
1276 685 1329 749 ab·

260 795 370 858 iuncto
398 793 538 858 Labieno
572 799 668 874 atque
695 794 735 856 iis
763 793 956 876 legionibus
991 812 1070 874 quas
1097 812 1163 855 una
1190 792 1329 872 miserat,

232 902 465 969 avehementer
497 899 636 964 timebat.
692 901 800 980 itaque
833 899 1002 962 admodum
1041 901 1166 983 magnis
1206 898 1329 962 diurnis
1343 920 1368 962 ro

260 1009 490 1090 nocturnisque
507 1007 676 1070 itineribus
693 1007 843 1070 confectis
860 1012 969 1069 contra
985 1006 1129 1069 omnium
1147 1007 1330 1089 opinionem

233 1116 301 1182 aad
330 1115 469 1198 Ligerim
497 1115 585 1178 venit
612 1113 759 1195 vadoque
791 1132 848 1196 per
877 1114 1002 1196 equites
1034 1114 1165 1177 invento
1198 1117 1255 1196 pro
1283 1114 1331 1178 rei

261 1224 450 1287 necessitate
479 1225 648 1304 oportuno,
679 1226 715 1283 ut
742 1219 889 1283 bracchia
915 1220 1010 1282 modo
1039 1226 1135 1301 atque
1161 1221 1266 1282 umeri
1291 1220 1330 1282 ad

262 1329 449 1393 sustinenda
481 1348 569 1390 arma
600 1326 694 1390 liberi
726 1326 765 1389 ab
794 1347 878 1409 aqua
906 1345 975 1390 esse
1002 1332 1144 1410 possent,
1177 1327 1330 1410 disposito

263 1438 421 1520 equitatu,
458 1436 514 1517 qui
546 1435 612 1496 vim
644 1434 787 1497 fluminis
820 1435 1019 1517 refringeret,
1057 1439 1153 1517 atque
1184 1434 1330 1497 hostibus
1344 1452 1375 1496 15

261 1544 363 1626 primo
389 1547 518 1624 aspectu
544 1540 736 1625 perturbatis
764 1542 959 1604 incolumem
987 1542 1164 1603 exercitum
1187 1540 1332 1603 traduxit

235 1651 521 1731 strumentumque
550 1650 584 1710 in
608 1649 691 1731 agris
720 1654 750 1711 et
775 1649 898 1731 pecoris
922 1648 1045 1731 copiam
1073 1653 1186 1710 nactus
1209 1647 1331 1730 repleto

262 1759 312 1821 his
335 1755 432 1821 rebus
455 1757 599 1819 exercitu
620 1756 681 1818 iter
704 1756 739 1816 in
763 1752 905 1819 Senones
927 1756 1030 1817 facere
1053 1754 1200 1817 instituit.

207 1881 242 1934 57
352 1862 437 1926 Dum
459 1863 536 1926 haec
556 1860 640 1944 apud
656 1860 822 1925 Caesarem
838 1866 1004 1945 geruntur,
1028 1859 1186 1924 Labienus
1203 1879 1240 1924 eo
1258 1878 1358 1944 sup-r

262 1972 437 2054 plement0,
462 1968 548 2049 quod
572 1987 674 2051 nuper
698 1987 739 2031 cx
762 1968 854 2031 Italia
869 1973 1013 2048 venerat,
1036 1968 1147 2031 relicto
1162 1967 1332 2050 Agedinci,

263 2082 299 2139 ut
322 2081 414 2140 essct
427 2075 664 2159 impedimentis
687 2075 857 2159 praesidi0,
882 2095 956 2138 cum
979 2075 1045 2138 IIII
1067 2075 1248 2158 legionibus
1267 2073 1332 2137 Lu·
1380 2136 1386 2142 .

264 2184 372 2246 tetiam
395 2182 614 2265 proficiscitur.
660 2182 693 2244 id
721 2187 769 2246 est
793 2181 944 2264 oppidum
967 2181 1163 2244 Parisiorum
1190 2182 1332 2265 positum

237 2291 298 2353 ain
321 2288 426 2353 insula
449 2288 592 2352 fluminis
615 2287 791 2370 Sequanae.
838 2290 929 2352 cuius
954 2289 1095 2352 adventu
1123 2288 1161 2351 ab
1185 2289 1357 2352 hostibuse

264 2397 389 2479 cognito
406 2415 538 2479 magnae
559 2414 600 2458 cx
615 2396 760 2459 finitimis
776 2395 958 2459 civitatibus
977 2397 1086 2478 copiae
1103 2400 1330 2460 convenerunt.

235 2523 388 2568 asumma
415 2503 541 2585 imperii
569 2502 705 2565 traditur
728 2501 944 2585 Camulogeno
967 2503 1120 2584 Aulerco,
1150 2504 1205 2584 qui
1232 2522 1331 2586 prope

263 2609 424 2672 confectus
453 2613 553 2672 aetate
582 2614 688 2672 tamen
716 2613 845 2692 propter
872 2609 1067 2691 singularem
1095 2610 1261 2672 scientiam
1283 2610 1332 2674 rei

235 2715 410 2780 amilitaris
434 2714 572 2778 adeum
597 2720 643 2778 est
666 2715 819 2778 honorem
845 2720 1002 2778 evocatus.
1040 2717 1068 2779 is
1092 2734 1166 2778 cum
1189 2716 1332 2779 animad-

262 2822 412 2886 vertisset
434 2827 620 2904 perpetuam
649 2841 718 2887 esse
746 2822 907 2904 paludem,
936 2841 1016 2903 quae
1044 2821 1193 2886 influeret
1219 2823 1262 2885 in·
1277 2821 1332 2887 Se
1346 2840 1385 2882 ro

264 2949 403 3010 quanam
427 2935 522 3010 atque
546 2928 638 2991 illum
662 2948 789 2992 omnem
812 2929 918 2992 locum
942 2947 1133 3013 magnopere
1152 2929 1332 3014 impediret,

207 3051 244 3105 58
263 3036 316 3098 hio
341 3036 485 3098 consedit
507 3041 697 3117 nostrosque
726 3037 861 3099 transitu
888 3035 1058 3119 prohibere
1080 3037 1226 3100 instituit.
1273 3035 1358 3100 Lar

263 3141 379 3205 bienus
402 3143 504 3225 primo
520 3144 631 3206 vineas
652 3162 759 3225 agere,
783 3143 922 3206 cratibus
938 3148 1034 3225 atque
1052 3161 1166 3226 aggere
1182 3143 1333 3226 paludem

237 3248 393 3330 aexplere
418 3253 512 3329 atque
536 3250 596 3312 iter
619 3250 746 3314 munire
769 3249 952 3312 conabatur.
997 3255 1165 3333 postquam
1193 3249 1227 3312 id
1251 3249 1333 3314 diffi-

264 3355 356 3417 cilius
388 3353 458 3417 fieri
486 3356 723 3438 animadvertit,
755 3357 880 3419 silentio
914 3374 931 3418 c
960 3358 1070 3420 castris
1101 3357 1194 3420 tertia
1221 3357 1334 3441 vigilia

353 3551 369 3604 6
388 3548 538 3602 faciendum
560 3556 578 3616 β
613 3553 622 3617 11
658 3553 672 3602 7
693 3549 809 3604 cebenna
827 3551 895 3617 aa),
918 3566 1037 3604 ceuenna
1050 3551 1102 3620 χὴς
1126 3567 1259 3606 couennae
1279 3570 1301 3621 φ
1325 3550 1333 3623 11

263 3638 288 3693 8.
308 3638 324 3693 9
344 3638 467 3692 abiuncto
486 3656 519 3705 ⁷13
539 3638 661 3693 adiuncto
681 3659 715 3710 ιιρ
747 3640 756 3708 11
787 3639 855 3693 9iis
875 3640 923 3707 ab3
941 3639 983 3693 his
1004 3640 1041 3708 Sp
1072 3641 1080 3709 11
1113 3640 1146 3693 12
1159 3639 1269 3709 ligerem
1288 3660 1306 3692 α
1324 3638 1334 3712 11

265 3729 298 3781 13
316 3728 403 3782 umeri
426 3727 460 3795 Q,
483 3727 587 3781 humeri
605 3728 636 3782 X
669 3730 677 3798 11
715 3731 748 3783 14
768 3744 826 3783 esso
846 3731 955 3797 possent
972 3729 1012 3795 X3
1036 3728 1162 3797 essents
1192 3731 1201 3798 11
1218 3800 1220 3804 λ
1237 3731 1272 3784 15
1291 3745 1333 3784 re-

264 3818 389 3887 fringeret
408 3818 448 3884 αῖς
467 3817 641 3886 refringerent
658 3825 675 3884 β
707 3819 715 3886 11
749 3818 781 3872 18
800 3818 851 3871 iter
868 3818 937 3872 inter·
955 3833 1068 3872 senonas
1087 3818 1173 3872 facere
1191 3824 1208 3884 β

352 3909 397 3962 57.
418 3909 442 3960 3.
466 3907 631 3960 4luceciam
653 3925 675 3958 π
699 3907 751 3974 (sic
770 3909 900 3976 semper),
922 3907 1082 3977 lucetiamp
1106 3907 1233 3975 (semper)
1271 3907 1280 3977 1
1316 3907 1334 3960 4

264 3997 380 4064 positum
397 4004 426 4064 fl,
446 3997 516 4065 quod
535 3996 650 4064 positum
669 3998 710 4049 est
729 4015 746 4047 a
783 3997 791 4064 11
828 3998 844 4050 9
864 3999 989 4050 euocatus
1007 3996 1047 4064 X,
1066 3999 1175 4050 evectus
1199 3995 1307 4051 Waita
1325 3994 1333 4067 11

264 4086 288 4139 9.
310 4086 343 4140 10
362 4086 481 4138 animum
500 4086 659 4140 aduenisset
678 4103 712 4155 pu
743 4086 752 4153 11
785 4087 816 4137 11
837 4102 932 4155 magno
951 4102 1030 4154 opere
1049 4105 1065 4156 ρ

351 4175 398 4228 58.
418 4175 435 4226 4
454 4175 510 4228 fieri
525 4175 558 4242 S,
577 4174 742 4243 constanza,
762 4191 824 4228 oum
837 4174 974 4242 fieriBM3
994 4173 1088 4229 confici
1106 4173 1141 4240 Οἳ
1172 4176 1181 4244 11
1213 4175 1333 4230 animum

264 4262 379 4316 aduertit
397 4280 431 4335 pa
