2924 4808
518 294 626 349 LIBER
643 296 707 350 ΙΙΠ.
727 295 801 350 cnP.
823 295 940 351 26-30.
1220 284 1261 345 93

191 479 309 542 magno
334 477 392 522 suo
416 477 490 521 cnm
512 458 653 541 periculo
678 458 891 539 deicerentur,
917 479 998 541 quae
1015 464 1121 522 tamen
1138 463 1290 525 ancorise

149 591 177 632 ro
192 566 283 628 iactis
300 585 375 628 oum
390 565 542 628 fluctibus
558 565 807 648 complerentur,
822 567 1000 629 necessario
1021 568 1153 629 adversa
1168 573 1261 630 nocte

164 675 227 738 rin
251 673 352 736 altum
375 677 544 756 provectae
568 674 784 736 continentem
808 675 975 757 petierunt.
1022 673 1144 738 Eadem
1167 680 1260 737 nocte
1279 689 1315 743 29

191 779 321 861 accidit,
350 784 386 842 ut
412 784 495 843 esset
522 780 599 843 luna
626 780 732 863 plena,
767 781 823 862 qui
851 780 919 843 dies
946 781 1122 843 maritimos
1155 787 1262 843 aestus

192 887 351 950 maximos
374 887 408 949 in
432 885 558 950 Oceano
582 886 707 950 efficere
727 889 908 970 consuevit,
931 888 1115 968 nostrisque
1138 889 1172 950 id
1196 895 1262 951 erat

192 995 401 1077 incognitum.
447 995 491 1057 ita
522 1015 587 1057 uno
616 1000 756 1077 tempore
791 1000 822 1058 et
850 995 961 1077 longas
990 1013 1101 1076 naves,
1133 994 1289 1077 [quibnsa

159 1102 177 1166 'a
192 1100 309 1164 Caesar
332 1101 511 1166 exercitum
529 1101 809 1184 transportandum
824 1101 1018 1184 curaverat]
1045 1121 1123 1182 quas
1148 1100 1263 1164 Caesar

191 1210 227 1288 in
242 1209 369 1271 aridum
385 1208 596 1281 subduxerat,
613 1213 720 1271 aestus
736 1208 927 1291 complebat,
944 1214 976 1272 et
992 1210 1161 1290 onerarias
1182 1228 1262 1291 quae

191 1315 232 1377 ad
260 1328 394 1378 ancoras
422 1319 512 1378 erant
540 1315 710 1396 deligatae,
739 1319 908 1397 tempestas
937 1315 1129 1395 adflictabat,
1157 1334 1262 1397 neque

193 1421 258 1484 nlla
281 1423 400 1485 nostris
422 1421 556 1485 facultas
579 1426 634 1484 aut
658 1420 900 1486 administrandi
928 1428 984 1484 aut
1007 1422 1185 1485 auxiliandi
1209 1423 1262 1485 da·

192 1530 294 1592 batur.
342 1528 560 1611 compluribus
588 1529 725 1591 navibus
748 1528 856 1591 fractis
885 1529 1027 1609 reliquae
1056 1549 1130 1592 cnm
1158 1536 1289 1592 essenta

154 1657 179 1698 ro
192 1636 339 1716 funibus,
363 1636 490 1698 ancoris
512 1635 710 1718 reliquisque
735 1637 939 1699 armamentis
963 1637 1086 1698 arnissis
1110 1637 1150 1699 ad
1173 1638 1262 1698 navi·

162 1743 336 1825 gandam
358 1743 502 1823 inutiles,
529 1761 658 1825 magna,
685 1742 718 1804 id
748 1742 833 1823 qnod
861 1761 991 1805 necesse
1021 1748 1089 1806 erat
1112 1743 1261 1825 accidere,
1346 1771 1347 1774 ¹

191 1851 290 1913 totius
314 1850 476 1913 exercitus
497 1849 692 1932 perturbatio
715 1850 799 1911 facta
822 1855 877 1912 est.
924 1868 1029 1931 neque
1054 1851 1140 1912 enim
1163 1869 1288 1912 navesr

191 1962 283 2020 erant
306 1957 398 2038 aliae,
427 1955 544 2038 quibus
573 1957 727 2038 reportari
755 1960 900 2038 possent,
929 1961 960 2018 et
988 1958 1094 2019 omnia
1122 1955 1261 2038 deerant,

192 2082 275 2145 quae
299 2063 341 2125 ad
363 2062 552 2126 reficiendas
575 2082 674 2126 neves
703 2068 793 2126 erant
821 2064 906 2145 usui,
936 2069 967 2126 et
996 2064 1082 2145 quod
1111 2064 1262 2127 omnibus

155 2191 178 2231 ra
192 2170 359 2234 constabat
381 2170 517 2232 hiemari
544 2170 579 2232 in
608 2168 711 2232 Gallia
740 2175 898 2252 oportere,
925 2170 1121 2233 frumcntrmi
1150 2173 1183 2233 in
1211 2171 1262 2233 his

192 2278 270 2340 locis
294 2278 329 2340 in
352 2277 489 2340 hiemem
514 2279 677 2360 provisum
701 2297 767 2340 non
791 2283 865 2341 erat.

168 2407 178 2446 r
284 2382 408 2458 Quibus
430 2384 526 2447 rebus
551 2386 685 2467 cognitis
709 2386 869 2467 principes
892 2385 1091 2466 Britanniae,
1117 2386 1173 2466 qni
1191 2390 1262 2467 post
1280 2395 1316 2450 30

192 2491 353 2574 proelium
385 2491 424 2553 ad
454 2488 620 2554 Caesarem
648 2496 876 2572 convenerant,
909 2492 993 2554 inter
1026 2510 1059 2553 se
1092 2491 1261 2573 conlocuti,

192 2618 268 2661 cum
296 2603 329 2661 et
356 2598 481 2680 equites
510 2603 541 2660 et
568 2617 666 2660 naves
695 2603 726 2660 et
753 2598 948 2661 frumentum
977 2596 1128 2661 Romanis
1153 2598 1261 2660 deesse

193 2705 416 2788 intellegerent
439 2709 470 2768 et
492 2706 684 2788 paucitatem
708 2706 846 2767 militum
871 2723 912 2766 ex
935 2710 1109 2768 castrorum
1138 2706 1262 2786 exigui-

166 2818 256 2875 etate
281 2816 520 2895 cognoscerent,
546 2831 627 2893 quae
651 2813 710 2875 hoc
735 2818 824 2874 erant
843 2813 939 2874 etiam
955 2813 1149 2894 angustiora,
1175 2812 1262 2892 qnod

194 2920 262 2981 sine
295 2918 529 3000 impedimentis
558 2918 674 2981 Caesar
701 2919 842 3001 legiones
870 2923 1150 3001 transportaverat,
1184 2921 1289 3001 opti-a

194 3045 282 3088 mum
305 3010 390 3088 factu
414 3043 482 3087 esse
507 3025 668 3088 duxerunt
691 3024 864 3088 rebellione
892 3025 973 3086 facta
995 3026 1153 3088 frumento
1177 3045 1262 3088 corn-

195 3137 366 3213 meatuque
389 3138 514 3196 nostros
537 3132 704 3214 prohibere
729 3137 760 3194 et
783 3152 850 3194 rem
866 3133 899 3193 in
916 3131 1052 3195 hiemem
1076 3132 1262 3215 producere,

194 3238 290 3319 quod
304 3239 354 3301 his
377 3240 533 3321 superatis
558 3243 612 3301 aut
634 3240 740 3302 reditu
763 3239 944 3301 interclusis
968 3239 1130 3302 neminem
1153 3246 1263 3322 postea

283 3505 300 3558 9
319 3519 368 3557 suo
392 3503 507 3570 Wbc‘tta3
528 3504 570 3556 sui
588 3503 628 3570 X3
648 3504 697 3557 dcl.
720 3503 810 3571 steph.
843 3505 852 3572 ll
885 3505 916 3555 11
937 3504 1125 3571 petiueruntd

282 3593 328 3648 29.
348 3594 409 3646 4.5
434 3593 530 3660 quibus
621 3594 760 3645 curaverat
783 3593 831 3644 dcl.
858 3592 944 3645 Viellr.
987 3595 995 3661 ss
1037 3596 1052 3646 5
1078 3609 1142 3661 quas
1167 3594 1263 3647 Caesar

201 3682 300 3749 Vtetur
319 3681 482 3750 quasqneX
512 3683 521 3750 ll
553 3681 772 3749 dcomplebatd3
793 3682 972 3750 compleuerat
986 3703 1002 3734 n
1030 3686 1037 3747 ll
1063 3683 1140 3736 8aut
1158 3684 1261 3751 (prius)

194 3788 276 3842 emp
299 3772 308 3836 ll
332 3772 348 3825 9
368 3771 543 3839 Conpluribus
561 3770 595 3837 Q,
616 3770 803 3838 Compluribus
818 3790 852 3840 (p,
873 3771 1129 3840 compluentem
1161 3773 1169 3835 ll
1201 3789 1262 3823 cuni

195 3869 282 3928 onafl
314 3863 322 3929 ll
356 3863 387 3913 11
408 3860 435 3914 id
454 3867 542 3927 onae
574 3861 582 3928 ll
616 3861 650 3911 14
668 3860 822 3914 reficiendas
842 3875 886 3912 eas
906 3860 966 3912 usui
986 3865 1083 3927 sunta
1115 3863 1123 3929 ll
1157 3862 1189 3912 15
1205 3860 1261 3912 hic-

196 3965 267 4003 mare
287 3970 304 4001 a
336 3951 345 4018 ll
377 3949 405 4002 iu
423 3949 464 4002 his
482 3956 510 4016 β;
530 3949 571 4002 his
591 3949 632 4017 (ils
653 3949 685 4016 S)
704 3949 732 4000 in
752 3969 768 4000 a

281 4039 328 4095 30.
349 4039 365 4091 2
388 4038 517 4107 proelium
540 4039 573 4091 ud
597 4054 730 4091 caesarem
755 4058 784 4106 ‘⁴3
808 4039 936 4106 proelium
961 4040 1060 4091 lactum
1084 4040 1116 4091 ad
1141 4055 1171 4091 ea
1195 4055 1261 4106 qnae

194 4127 308 4182 iusserat
326 4143 417 4182 caesar
435 4128 588 4194 faciendafl
619 4129 627 4195 ll
660 4130 722 4180 3et
741 4129 843 4196 equites
861 4136 889 4195 d,
910 4129 1011 4196 equites
1032 4148 1048 4178 o
1081 4130 1089 4196 ll
1127 4129 1262 4180 ¹lfactnrn

193 4235 236 4286 qo
266 4219 275 4286 ll
306 4217 487 4286 8perdncere
507 4217 569 4269 HM
597 4217 605 4284 ll
637 4216 713 4268 onis
733 4217 814 4284 f(l?);
834 4218 865 4269 iis
885 4218 933 4283 alr,
953 4218 974 4268 is
994 4235 1010 4269 a
