2924 4808
452 337 560 391 LIBER
579 337 615 392 Π.
635 337 710 392 ΟΑΡ.
730 337 852 391 24-27.
1145 323 1186 385 53

118 499 200 564 ferre
225 504 257 564 et
279 500 459 583 manipulos
486 500 595 564 laxare
624 500 732 582 iussit,
760 520 824 583 quo
852 499 977 564 facilius
1004 500 1118 584 gladiis
1140 502 1188 564 uti

118 612 256 690 possent
281 608 373 670 cuius
397 607 537 670 adventu
554 627 609 690 spe
631 607 733 670 inlata
747 608 904 671 militibus
920 627 957 672 ae
972 607 1215 691 redintegratos

78 737 105 780 20
118 714 235 796 animo,
259 702 333 776 c⁰um
355 733 411 797 pro
427 733 461 778 se
479 715 615 797 quisque
636 714 672 776 in
688 719 861 797 conspectu
876 714 1077 797 imperatoris
1093 716 1188 778 etiam

118 820 154 883 in
181 821 334 884 extremis
362 821 430 883 suis
457 819 554 884 rebus
582 839 710 903 operam
736 840 855 884 navare
883 826 1024 903 cuperet,
1056 821 1188 905 paulum

90 927 259 993 rhostium
286 927 424 1010 impetus
452 927 595 990 tardatus
624 932 679 990 est.
731 925 857 1007 Caesar,
885 946 959 990 cum
986 928 1058 990 VII.
1090 926 1188 1010 legio·
1206 942 1242 998 aa

118 1052 205 1116 nem,
236 1053 318 1117 quae
340 1035 432 1096 iuxta
455 1034 654 1114 constiterat,
681 1035 758 1097 item
780 1035 888 1118 urgeri
916 1033 955 1097 ab
978 1036 1067 1097 hoste
1090 1033 1188 1098 vidis-

118 1146 182 1223 set,
209 1140 356 1205 tribunos
378 1141 517 1204 militum
543 1142 682 1223 monuit,
709 1147 746 1204 ut
772 1142 925 1224 paulatim
953 1159 1020 1204 sese
1047 1142 1188 1224 legiones
1287 1125 1290 1131 ¹

118 1248 350 1331 coniungerent
377 1253 409 1312 et
432 1266 587 1311 conversa
610 1249 702 1330 sigua
729 1248 765 1310 in
787 1248 893 1311 hostes
916 1249 1075 1311 inferrent.
1123 1267 1216 1331 quoa

90 1353 199 1419 efecto
223 1374 298 1418 curn
322 1355 393 1418 aliis
416 1354 472 1417 alii
491 1354 670 1417 subsidium
692 1355 812 1418 ferrent
834 1374 940 1438 neque
963 1355 1123 1437 timerent,
1145 1374 1187 1419 ne

119 1463 223 1525 aversi
251 1461 289 1524 ab
318 1462 409 1526 hoste
441 1463 761 1544 circumvenirentur,
795 1461 949 1525 audacius
975 1463 1124 1526 resistere
1152 1481 1188 1525 ac

116 1568 231 1631 fortius
252 1587 397 1652 pugnare
420 1573 601 1652 coepenmt.
639 1568 767 1631 interim
783 1568 901 1632 milites
923 1568 1087 1652 legionum
1111 1568 1216 1633 dua-a
1246 1624 1248 1627 .
1281 1625 1288 1632 .

117 1695 204 1756 rum,
237 1695 319 1759 quae
350 1676 387 1738 in
409 1676 584 1739 novissimo
618 1677 745 1758 agmine
768 1676 927 1758 praesidio
954 1674 1189 1759 impedimentis

117 1782 256 1866 fiterant,
279 1782 400 1865 proelio
423 1784 570 1845 nuntiato
587 1802 683 1845 cursu
706 1783 837 1845 incitato
852 1782 888 1844 in
903 1801 1028 1845 summo
1052 1781 1133 1844 colle
1148 1781 1187 1844 ab
1329 1766 1339 1786 ’

79 1909 105 1952 10
118 1889 264 1953 hostibus
292 1889 584 1973 conspiciebantur,
612 1895 644 1952 et
669 1890 701 1952 Τ.
724 1888 885 1953 Labienus
913 1890 1023 1952 castris
1050 1888 1216 1953 hostiumr
1307 1912 1311 1917 ·

118 1993 238 2081 potitus
266 2000 363 2060 etex
394 1996 465 2060 loco
498 1997 659 2079 superiore
692 2015 773 2079 quae
805 2015 856 2060 res
882 1997 918 2058 in
940 1997 1057 2059 nostris
1079 1997 1189 2059 castris

120 2109 307 2186 gererentur
335 2104 539 2186 conspicatus
565 2103 607 2166 X.
635 2103 796 2186 legionem
823 2102 966 2166 subsidio
989 2103 1107 2166 nostris
1129 2103 1189 2165 mi-

121 2211 169 2273 sit.
216 2211 273 2292 qui
297 2229 372 2273 cum
401 2229 442 2274 ex
470 2211 616 2292 equitum
644 2215 676 2273 et
698 2211 848 2273 calonum
874 2209 1036 2294 fugaque
1060 2211 1095 2272 in
1117 2209 1216 2273 locon

119 2335 170 2380 res
193 2321 278 2380 esset
301 2321 486 2399 quantoque
518 2318 553 2379 in
575 2317 717 2400 periculo
751 2322 782 2380 et
809 2322 912 2380 castra
939 2325 970 2380 et
992 2316 1135 2399 legiones
1158 2321 1190 2379 et

78 2442 105 2484 re
120 2424 290 2506 imperator
322 2429 503 2487 versaretur
535 2423 772 2506 cognovissent,
809 2423 890 2486 nihil
925 2423 965 2485 ad
997 2423 1189 2487 celeritatem

93 2528 182 2592 isibi
203 2530 321 2611 reliqui
343 2530 497 2594 fecerunt.
543 2530 668 2594 Horum
693 2530 834 2595 adventu
857 2535 944 2593 tanta
972 2549 1081 2593 rerum
1104 2549 1189 2592 com·
1207 2541 1241 2598 21

119 2634 252 2700 mutatio
282 2642 331 2700 est
356 2637 453 2718 facta,
486 2641 522 2700 ut
548 2639 661 2720 nostri,
695 2639 791 2701 etiam
819 2639 875 2719 qui
902 2637 1091 2701 vulneribus
1114 2655 1189 2699 oon-

119 2742 194 2806 fecti
215 2743 475 2827 procubuissent,
499 2746 598 2808 scutis
620 2745 727 2807 innixi
749 2745 906 2828 proelium
929 2744 1189 2827 redintegrarent,

120 2850 248 2914 calones
280 2851 464 2934 perterritos
496 2851 602 2915 hostes
635 2853 808 2935 conspicati
841 2852 938 2915 etiam
970 2853 1107 2915 inermes
1140 2870 1189 2913 ar-

92 2958 213 3020 omatis
230 2962 447 3037 occurrerent,
463 2959 587 3041 equites
603 2976 691 3039 vcro,
715 2963 751 3021 ut
766 2957 999 3041 turpitudinem
1013 2959 1108 3041 fugae
1123 2958 1189 3020 vir·
1203 2977 1216 3018 2

120 3067 188 3127 tute
212 3063 369 3145 delerent,
398 3064 546 3128 omnibus
573 3066 608 3127 in
635 3065 714 3128 locis
741 3065 915 3148 pugnaudo
943 3085 977 3128 se
1004 3064 1189 3147 legionariis

120 3170 277 3234 militibus
308 3170 513 3254 praeferrent.
560 3176 592 3234 at
624 3171 731 3234 hostes
763 3173 859 3235 etiam
891 3172 926 3233 in
959 3175 1102 3235 extrema
1134 3189 1216 3254 spea

121 3277 232 3340 salutis
259 3281 382 3340 tantam
405 3279 556 3341 virtutem
578 3279 817 3361 praestiterunt,
845 3284 894 3356 ut,
922 3297 995 3341 eum
1018 3278 1114 3360 primi
1137 3297 1189 3342 eo-

120 3403 192 3446 rum
215 3383 419 3466 cecidissent,
447 3386 587 3468 proximi
612 3384 790 3448 iacentibus
817 3386 1002 3448 insisterent
1029 3390 1124 3466 atque
1147 3405 1189 3449 ex

83 3508 109 3550 ro
122 3508 232 3553 eorum
259 3490 447 3574 corporibus
474 3497 666 3574 pugnarent,
698 3491 748 3555 his
776 3492 907 3555 deiectis
935 3495 967 3555 et
995 3492 1216 3555 coacervatisa

211 3685 244 3739 19
264 3684 348 3738 Cuius
367 3685 408 3751 ul;
427 3684 550 3752 Huiusfl
581 3689 591 3754 ΙΙ
623 3685 655 3738 21
674 3685 703 3738 in
721 3701 773 3738 om.
794 3704 812 3736 α
843 3685 852 3755 ΙΙ
890 3687 1052 3754 cuperentss
1082 3685 1091 3753 ll
1122 3699 1189 3753 pau·

121 3773 255 3918 lfflmssii.
275 3864 291 3917 5
311 3862 370 3916 aliis
387 3869 416 3930 β;
440 3860 509 3916 alius
529 3882 546 3915 a
578 3864 587 3931 ll
618 3863 700 3918 ferret
719 3881 736 3914 a
768 3864 777 3931 ss
809 3862 932 3917 bauersi
952 3861 995 3930 αἶς
1017 3859 1189 3933 aduersiflll

122 3951 257 4006 9incitati
275 3951 368 4005 Hotm.
410 3951 419 4020 ΙΙ
461 3952 496 4006 10
514 3952 541 4004 Τ.
561 3969 649 4022 onan
681 3954 690 4021 ΙΙ
732 3953 764 4004 11
788 3951 887 4006 nostris
910 3952 1005 4005 castris
1023 3949 1068 4019 “sl
1095 3949 1189 4007 mai·

121 4041 253 4109 nostrisfl

134 4116 137 4125 ,
208 4129 255 4186 27·
265 4131 284 4182 4
294 4128 399 4184 calones
410 4136 440 4198 1⁶3
455 4131 514 4184 tum
526 4129 632 4185 calones
649 4149 667 4182 α
690 4131 699 4199 ΙΙ
722 4131 738 4184 5
751 4131 926 4185 occurrerunt
936 4090 1376 4520 ιβ

127 4217 332 4286 miscendam
351 4222 470 4288 pugnant
487 4236 540 4289 quo
560 4238 590 4287 ας
608 4235 712 4288 pugnae
723 4225 754 4288 βς
772 4218 823 4273 dcl.
840 4216 930 4289 Nipp.

121 4325 172 4361 ona
191 4314 209 4376 β
949 4310 952 4315 “

938 4470 946 4519 j
1336 4463 1376 4508 “m
