2924 4808
207 277 269 338 116
605 291 709 344 BELLI
728 290 870 344 GALLICI

204 455 290 535 quod
314 455 407 536 paulo
431 456 591 517 incautius
607 454 766 517 custodias
789 455 824 515 in
842 473 934 516 muro
951 454 1118 536 dispositas
1134 453 1271 535 videbat,

205 581 279 624 suos
308 580 435 642 quoque
462 561 646 643 languidius
678 563 713 622 in
742 579 835 642 opere
863 562 982 622 versari
1009 561 1103 623 iussit
1135 567 1166 623 et
1194 561 1299 641 quida

173 667 272 730 afieri
296 668 392 730 vellet
416 667 553 729 ostendit
567 667 812 749 legionibusque
836 665 932 750 [intra
948 666 1069 749 vineas]
1094 668 1129 728 in
1148 668 1270 730 occulto

204 776 360 857 expeditis
393 775 588 855 cohortatus,
621 779 656 836 ut
688 774 857 854 aliquando
890 793 947 855 pro
980 776 1077 836 tantis
1109 774 1271 837 laboribus

203 882 342 944 fructum
358 883 509 944 victoriae
525 881 735 963 perciperent,
760 882 811 961 iis,
836 881 891 962 qui
908 881 1003 962 primi
1017 901 1146 942 murum
1163 900 1271 944 ascen-

175 990 337 1067 adissent,
361 989 501 1071 praemia
524 989 689 1071 proposuit
711 987 929 1068 militibusque
945 989 1074 1070 signum
1090 989 1185 1051 dedit.
1225 989 1271 1050 illi

203 1096 308 1158 subito
333 1114 373 1157 ex
397 1095 546 1157 omnibus
569 1095 711 1177 partibus
735 1095 941 1157 evolaverunt
968 1114 1162 1176 murumque
1191 1096 1271 1158 cele·
1287 1120 1312 1160 ro

144 1215 184 1269 28
203 1205 279 1265 riter
302 1202 549 1284 compleverunt.
595 1201 712 1264 Hostes
737 1221 770 1264 re
794 1221 875 1263 nova
898 1203 1057 1284 perterriti
1086 1222 1177 1264 muro
1206 1209 1298 1266 tur-1

203 1309 356 1390 ribusque
387 1309 501 1371 deiecti
529 1310 562 1370 in
585 1309 652 1371 foro
682 1328 718 1370 ac
746 1309 824 1370 locis
850 1309 1083 1391 patentioribus
1111 1311 1270 1371 cuneatim

204 1417 428 1496 constiterunt,
452 1415 510 1477 hoc
534 1416 654 1496 animo,
679 1421 727 1496 ut,
751 1417 777 1477 si
794 1435 856 1497 qua
872 1435 912 1478 ex
928 1423 1018 1498 parte
1043 1416 1168 1477 obviam
1186 1414 1272 1498 [con-

175 1521 263 1605 1111]
288 1525 463 1603 veniretur,
488 1524 555 1584 acie
578 1523 733 1584 instructa
757 1522 984 1605 depugnarent.
1032 1522 1087 1585 ubi
1111 1525 1271 1586 neminem

203 1631 237 1690 in
262 1649 400 1710 aequum
422 1629 529 1690 locum
553 1647 621 1691 seso
645 1629 824 1710 demittere,
848 1629 902 1692 sed
927 1635 992 1691 toto
1013 1629 1155 1710 undique
1179 1650 1298 1695 muros

204 1735 418 1799 circumfundi
442 1735 603 1817 viderrmt,
627 1737 734 1815 veriti,
758 1755 798 1798 ne
822 1737 952 1798 omnino
972 1756 1042 1819 spes
1066 1736 1159 1819 fugae
1184 1737 1272 1799 tolle·

203 1850 303 1926 retur,
328 1843 457 1906 abiectis
481 1845 576 1904 armis
599 1844 729 1905 ultimas
754 1843 861 1925 oppidi
885 1851 989 1926 partes
1012 1845 1192 1907 continenti
1214 1845 1272 1905 im-

173 1958 280 2032 apetu
303 1952 497 2033 petiverunt,
521 1969 657 2032 parsque
672 1950 730 2032 ibi,
755 1969 828 2012 cum
845 1957 978 2033 angusto
996 1952 1087 2013 exitu
1108 1957 1271 2033 portarum

204 2077 237 2120 se
261 2059 321 2139 ipsi
345 2060 537 2140 premerent,
561 2077 579 2118 a
601 2057 768 2138 militibus,
793 2077 865 2139 pars
888 2059 953 2120 iam
969 2077 1096 2140 egressa
1110 2060 1210 2141 portis
1233 2059 1271 2121 ab

204 2164 367 2245 equitibus
391 2170 439 2225 est
462 2164 635 2226 interfecta.
681 2182 741 2226 nec
764 2163 826 2226 fuit
849 2165 1033 2247 quisquam,
1058 2167 1113 2246 qui
1137 2167 1272 2248 praedae
1286 2187 1310 2227 10

174 2272 353 2334 astuderet.
401 2272 446 2333 sic
470 2276 501 2333 et
525 2271 703 2334 Cenabensi
726 2271 821 2333 caede
845 2278 876 2333 et
899 2271 1006 2334 labore
1031 2274 1134 2354 operis
1149 2274 1272 2335 incitati

204 2398 269 2440 non
285 2383 386 2441 aetate
403 2377 567 2455 confectis,
591 2397 655 2440 non
670 2378 872 2455 mulieribus,
891 2398 956 2440 non
972 2378 1147 2441 infantibus
1162 2399 1272 2462 peper-

172 2507 189 2547 1
204 2492 324 2548 cerunt.
372 2485 510 2564 denique
528 2504 569 2546 ex
586 2485 673 2546 omni
690 2503 835 2563 numero,
860 2486 916 2566 qui
931 2484 991 2547 fuit
1007 2486 1132 2548 circiter
1148 2487 1272 2548 milium

203 2592 276 2673 XL,
300 2594 354 2653 vir
378 2589 500 2672 Doce,
525 2593 580 2672 qui
603 2593 705 2674 primo
730 2592 868 2654 clamore
893 2593 1000 2654 audito
1029 2611 1062 2654 se
1091 2612 1133 2655 ex
1158 2594 1271 2676 oppido

204 2701 374 2780 eiecerant,
413 2699 590 2761 incolumes
633 2700 672 2760 ad
710 2699 1007 2782 Vercingetorigem
1047 2708 1270 2782 pervenerunt
1286 2718 1307 2758 1

174 2825 285 2888 equos
309 2806 362 2868 ille
386 2806 487 2867 multa
514 2805 579 2866 iam
603 2812 694 2868 nocte
724 2806 849 2868 silentio
879 2825 920 2868 ex
948 2806 1023 2888 fuga
1051 2809 1180 2889 excepit
1210 2806 1268 2891 (et)

204 2913 337 2993 veritus,
360 2931 401 2974 16
426 2913 546 2993 quain
570 2913 681 2974 castris
705 2932 747 2975 ex
771 2931 882 2975 eorum
906 2932 1064 2976 concursu
1093 2922 1125 2976 et
1152 2916 1272 2977 miseri-

204 3021 311 3082 cordia
334 3020 423 3102 vulgi
447 3020 559 3082 seditio
584 3024 738 3101 oreretur,
764 3018 821 3103 [ut]
846 3021 957 3102 procul
979 3021 1014 3081 in
1038 3022 1089 3083 via
1113 3022 1271 3104 dispositis

202 3126 413 3188 familiaribus
427 3129 502 3237 guis
525 3127 786 3209 principibusque
811 3128 975 3189 civitatum
995 3127 1202 3210 disparandos
1219 3129 1271 3192 de-

295 3323 310 3372 5
335 3336 448 3388 suosque
472 3320 623 3388 languidius
646 3340 663 3371 o
705 3321 713 3387 ll
754 3322 770 3373 6
798 3319 999 3389 legionibusque
1024 3340 1053 3388 n3
1081 3321 1198 3390 legiones
1220 3330 1238 3389 β
1263 3321 1271 3393 ll

204 3408 273 3460 intra
292 3408 384 3461 uineas
402 3416 429 3475 β;
448 3410 498 3461 del.
519 3409 587 3475 Hm
608 3411 684 3462 extra
703 3411 801 3478 (castra
819 3410 881 3462 add.
896 3411 928 3479 φ)
948 3410 1040 3464 uineas
1054 3430 1084 3478 a,
1104 3411 1174 3464 inter
1187 3415 1272 3465 castra

205 3497 349 3565 uineasque
369 3498 461 3550 Heller
502 3501 510 3562 ll
551 3499 577 3550 in
597 3498 699 3552 occulto
718 3516 770 3551 om.
791 3517 820 3565 (ις
840 3499 889 3552 del.
909 3500 1007 3552 Morus
1049 3502 1057 3568 [l
1099 3502 1270 3569 ‘lexpeditas

203 3586 391 3653 cohortaturp
423 3589 430 3654 ll
462 3587 744 3654 8111111111
773 3588 781 3655 ll
813 3587 838 3640 8.
859 3589 1113 3657 961661111516111

293 3676 339 3730 28.
361 3675 376 3727 2
395 3676 581 3743 patentibusr]
612 3678 621 3744 ll
653 3679 677 3730 3.
697 3678 715 3728 4
734 3680 825 3730 contra
843 3678 892 3730 del.
912 3679 1014 3731 Faern.
1051 3679 1060 3747 ll
1098 3681 1269 3735 bdemittcre

204 3764 280 3831 Alam
299 3765 431 3818 dimittere
449 3765 479 3817 X
509 3767 516 3834 ll
550 3766 664 3819 larmis
683 3767 826 3834 abiectisr]
858 3769 866 3835 {l
899 3770 986 3835 partes
1005 3767 1045 3836 X3
1065 3773 1153 3838 portas
1171 3770 1245 3823 Paul
1262 3767 1269 3840 ll

205 3855 228 3906 7.
249 3855 265 3907 8
285 3855 428 3907 6611116111
452 3855 555 3922 impetu
575 3874 602 3918 ας
625 3856 784 3922 contineor
821 3857 829 3924 ll
868 3858 897 3908 11
924 3857 962 3909 sio
981 3857 1020 3923 X3
1044 3860 1091 3912 sed
1110 3859 1148 3924 D,
1171 3856 1270 3928 Paalll

204 3943 346 3996 cenabensi
366 3963 399 4010 ⁷13
424 3944 567 4012 genabensi
586 3963 613 4012 (³3
633 3945 727 4012 genabi
747 3965 764 3996 o
801 3947 809 4014 ll
847 3947 879 3998 13
904 3963 937 3999 ex
957 3947 1028 3999 omni
1051 3964 1081 4000 eo
1100 3964 1211 4002 numero
1228 3955 1246 4015 β
1263 3945 1270 4017 ll

207 4032 247 4083 13.
269 4033 302 4083 14
321 4033 422 4084 circiter
440 4032 490 4085 XL
509 4032 648 4099 miliumr]
680 4035 688 4097 ll
722 4036 754 4088 15
774 4035 909 4087 eiecerunt
929 4055 945 4085 11
972 4035 980 4102 ll
1008 4037 1041 4090 16
1061 4035 1165 4091 silentio
1185 4056 1215 4105 ας
1234 4037 1270 4091 sic

204 4127 221 4184 β
253 4124 261 4186 ll
294 4122 394 4174 otarld.
411 4122 472 4173 HM
490 4123 498 4191 ll
524 4123 564 4175 16.
577 4123 608 4173 17
623 4123 778 4190 ueritusque
797 4123 870 4191 RMp
897 4124 905 4191 ll
930 4127 961 4176 17
981 4124 1008 4176 11
1028 4125 1120 4178 castris
1140 4143 1271 4182 concursu

205 4224 294 4261 eorum
316 4214 377 4276 etp
409 4213 417 4279 ll
451 4211 483 4263 18
503 4211 617 4264 oriretur
636 4211 766 4275 SM²Q²n
798 4213 806 4280 ll
838 4216 868 4265 ut
887 4214 936 4266 dcl.
957 4214 1030 4282 alla
