2924 4808
491 312 637 367 LIBERI.
658 311 735 366 CAP.
755 313 872 366 31-33.
1174 299 1214 360 21

147 495 251 539 sarem
283 475 335 539 vel
370 477 557 538 auctoritate
590 495 647 538 sua
680 480 776 556 atque
814 476 974 538 exercitus
1012 476 1062 539 rel
1097 477 1216 538 recenti

146 583 281 645 victoria
312 582 365 645 vel
392 583 522 645 nomine
549 583 661 665 populi
687 582 825 645 Romani
853 581 1010 646 deterrere
1038 601 1144 666 posse,
1176 602 1216 645 ne

146 691 250 751 maior
279 688 449 752 multitudo
481 688 713 751 Germanorum
740 689 889 752 Rhenum
904 687 1112 767 traducatur,
1143 688 1216 752 Gal-

106 797 287 877 coliamque
324 814 451 858 omnem
489 796 528 857 ab
562 796 718 858 Ariovisti
753 796 872 858 iniuria
908 814 1001 879 posse
1038 795 1215 860 defendere.

120 902 217 967 1Hao
246 904 389 965 oratione
425 902 464 965 ab
493 902 659 966 Diviciaco
692 902 801 965 habita
829 921 953 984 omnes,
987 903 1044 984 qui
1076 903 1215 986 aderant,
1234 909 1270 966 32

146 1029 262 1092 magno
290 1008 369 1073 fletu
397 1009 555 1072 auxilinm
584 1032 602 1074 a
626 1008 758 1072 Caesare
786 1013 892 1092 petere
921 1013 1101 1092 coeperunt.
1148 1011 1244 1076 ani-2

146 1115 316 1179 madvertit
335 1115 450 1180 Caesar
471 1136 554 1179 unos
579 1135 620 1180 ex
644 1115 793 1179 omnibus
813 1114 978 1198 Sequanos
1002 1117 1080 1178 nihil
1105 1135 1216 1180 aarum

146 1241 251 1285 rerum
289 1223 404 1303 facere,
444 1243 522 1304 quas
555 1224 655 1286 ceteri
686 1224 840 1302 facerent,
876 1223 931 1286 sed
969 1223 1076 1286 tristes
1114 1225 1216 1307 capite

119 1329 284 1394 ademisso
308 1334 425 1392 terram
447 1331 575 1392 intueri.
614 1331 682 1392 eius
701 1331 748 1393 rei
769 1348 849 1410 quae
869 1349 965 1392 cause
984 1337 1066 1393 esset
1084 1331 1216 1392 miratus

146 1455 187 1499 ex
206 1437 286 1519 ipsis
306 1437 450 1519 quaesiit.
488 1436 570 1499 nihil
590 1435 729 1517 Sequani
749 1436 954 1518 respondere,
978 1436 1086 1499 sedin
1107 1437 1243 1503 eademe

146 1543 277 1606 tristitia
300 1545 388 1606 taciti
413 1562 606 1626 permanere.
654 1562 728 1606 oum
757 1542 795 1605 ab
824 1543 874 1606 his
897 1545 1024 1626 saepius
1049 1547 1217 1626 quaereret

147 1669 252 1730 neque
275 1650 376 1712 ullam
395 1651 525 1712 omnino
549 1668 660 1713 rocem
680 1650 860 1732 exprimere
879 1655 997 1732 posset,
1020 1650 1106 1713 idem
1125 1649 1216 1712 Divi-

146 1758 253 1819 ciacus
272 1756 428 1820 Haeduus
451 1756 627 1839 respondit:
653 1757 712 1818 hoc
731 1774 799 1819 esse
819 1757 1018 1818 miseriorem
1043 1763 1073 1818 et
1092 1757 1244 1839 gravio-4
1283 1789 1285 1794 ·

107 1886 132 1927 ιο
146 1882 214 1925 rem
242 1863 402 1926 fortunam
427 1861 649 1944 Sequanorum
679 1882 775 1944 quam
801 1863 1013 1945 reliquorum,
1042 1863 1127 1944 quod
1155 1863 1215 1926 soli

145 1988 187 2032 ne
215 1970 250 2032 in
278 1971 403 2033 occulto
438 1971 567 2051 quidem
596 1971 687 2051 queri
721 1989 826 2052 neque
860 1970 1018 2060 auxilium
1046 1969 1216 2052 implorare

146 2076 300 2139 auderent
323 2077 526 2160 absentisque
550 2077 706 2140 Ariovisti
733 2076 966 2155 crudelitatem,
994 2077 1083 2139 velut
1110 2077 1136 2139 si
1165 2097 1216 2140 co·

145 2203 214 2245 ram
249 2183 385 2260 adesset,
419 2184 596 2258 horrerent,
629 2188 794 2266 propterea
827 2183 913 2266 quod
945 2183 1078 2265 reliquis
1109 2189 1243 2250 tamena

145 2290 238 2374 fugae
258 2273 391 2354 facultas
412 2290 554 2368 daretur,
579 2289 735 2372 Sequanis
754 2310 841 2369 vere,
862 2292 918 2373 qui
936 2292 1020 2353 intra
1038 2289 1120 2354 fines
1140 2310 1215 2353 suos

106 2418 132 2459 rs
145 2397 345 2460 Ariovistum
362 2399 569 2480 recepissent,
592 2417 729 2478 quorum
751 2397 866 2480 oppida
887 2399 995 2459 omnia
1010 2398 1044 2458 in
1061 2403 1215 2480 potestate

146 2505 215 2566 eius
239 2511 356 2584 essent,
381 2523 490 2568 omnes
515 2505 673 2567 cruciatus
697 2510 803 2568 essent
825 2503 1013 2587 perferendi.

120 2633 132 2673 1
236 2610 296 2674 His
312 2611 408 2674 rebus
425 2612 559 2694 cognitis
573 2611 687 2674 Caesar
698 2611 862 2674 Gallorum
879 2613 1002 2674 animos
1017 2612 1123 2674 verbis
1140 2631 1215 2674 con·
1232 2628 1269 2683 33

144 2716 284 2780 firmavit
310 2718 535 2801 pollicitusque
568 2724 616 2782 est
648 2718 708 2780 sibi
743 2737 813 2782 eann
839 2737 908 2780 rem
937 2737 1032 2781 curae
1059 2718 1213 2796 futuram3

145 2844 293 2907 magnam
322 2843 355 2887 se
384 2825 498 2886 habere
526 2844 614 2908 spem
641 2831 672 2888 et
700 2824 856 2888 beneficio
885 2845 943 2888 suo
968 2829 999 2887 et
1028 2827 1215 2888 auctoritate

146 2931 319 2995 adductum
342 2933 542 2995 Ariovistum
569 2930 667 2993 finem
695 2933 822 2995 iniuriis
849 2931 1018 2995 facturum.
1064 2933 1215 2994 hacona

119 3039 230 3101 stione
254 3039 361 3102 habita
389 3038 561 3102 concilium
588 3038 715 3101 dimisit.
768 3044 800 3102 et
825 3038 1002 3102 secundum
1030 3057 1068 3102 ea
1095 3039 1243 3104 multaea

144 3164 195 3208 res
219 3165 294 3209 eum
318 3145 541 3224 hortabantur,
567 3164 664 3228 quare
688 3145 749 3208 sibi
773 3165 844 3208 earn
866 3165 933 3209 rem
959 3146 1160 3229 cogitandam
1185 3152 1216 3210 et

145 3252 378 3335 suscipiendam
402 3258 540 3335 putaret,
562 3253 596 3314 in
613 3254 723 3334 primis
740 3252 825 3335 quod
841 3252 995 3316 Haeduos
1010 3252 1124 3316 fratres
1141 3274 1215 3317 con-

146 3361 400 3442 sanguineosque
424 3377 517 3442 saepe
540 3379 674 3422 numero
699 3381 717 3423 a
740 3366 852 3423 senatu
869 3360 1041 3442 appellatos
1064 3361 1099 3423 in
1116 3362 1214 3424 servi-

145 3470 212 3528 tute
228 3471 324 3547 atque
339 3468 374 3528 in
390 3466 516 3530 dicione
531 3466 660 3529 videbat
673 3465 905 3530 Germanorum
921 3469 1023 3530 teneri
1039 3486 1215 3550 eorumque
1275 3524 1280 3536 .

108 3590 133 3631 ro
146 3572 270 3635 obsides
298 3591 366 3636 esse
395 3573 479 3656 apud
507 3575 708 3636 Ariovistum
737 3594 774 3636 ac
802 3572 968 3655 Sequanos
995 3575 1212 3656 intellegebat3

146 3680 231 3762 quod
253 3680 288 3742 in
312 3686 399 3744 tanto
423 3681 557 3763 imperio
581 3681 690 3764 populi
705 3680 842 3743 Romani
862 3682 1082 3764 turpissimum
1106 3682 1215 3743 sibiet

233 3928 267 3981 59
287 3929 430 3981 reducatur
448 3927 495 3996 Mo

232 4035 278 4090 32.
298 4036 313 4088 3
333 4051 400 4088 unos
423 4019 504 4102 rcccq
528 4035 616 4103 ed.1;
640 4051 709 4088 unus
728 4035 759 4088 X
792 4037 800 4102 ll
838 4038 852 4089 7
876 4053 1030 4104 permanere
1050 4035 1130 4104 ‹lea3
1154 4052 1213 4102 per-

144 4138 265 4177 mansere
283 4123 368 4190 ABbd
401 4126 408 4193 ll
442 4127 475 4178 13
494 4128 584 4178 tamen
603 4143 637 4193 ‹p3
657 4127 761 4178 tanturn
775 4124 858 4194 2B²p

232 4231 277 4286 33.
299 4233 314 4286 5
334 4231 441 4284 dimisit.
463 4232 509 4300 [ot]
529 4231 592 4284 HM
620 4233 628 4299 ll
661 4233 677 4285 9
697 4232 799 4285 dicione
820 4251 850 4299 a,
869 4233 1002 4285 deditione
1021 4231 1075 4298 Bp
