2924 4808
532 333 639 386 LIBER
656 333 731 387 VHl.
752 332 827 387 CAP.
849 335 930 388 7-9.
1199 320 1269 382 223

196 496 315 580 gularis
338 496 425 559 enim
448 495 575 559 virtutis
594 497 779 560 veterrimas
802 496 945 578 legiones
960 495 1268 578 V11.,Vffl,vflss.

194 602 343 682 habebat,
370 622 513 667 summae
542 604 610 686 spei
639 603 843 685 delectaeque
870 604 1048 666 iuventutis
1075 603 1147 686 XI,
1182 623 1265 686 quae

195 715 305 772 octavo
331 710 395 771 iarn
411 692 567 793 stipendio
585 715 690 773 tamen
714 710 750 772 in
765 710 945 773 conlatione
965 710 1162 792 reliquarum
1184 729 1268 772 non-

195 817 273 879 dum
306 816 440 880 eandem
471 818 638 880 vetustatis
675 836 712 879 ao
744 817 871 880 virtutis
908 820 1033 899 ceperat
1069 817 1262 899 opinionem.

151 948 179 990 10
193 926 302 1006 itaque
335 924 467 987 oonsilio
501 924 652 986 advocato
685 923 781 986 rebus
813 924 867 1005 iis,
904 942 984 1005 quae
1018 924 1058 986 ad
1091 942 1125 986 se
1157 928 1299 989 essenta

195 1031 331 1112 delatae,
355 1030 503 1093 omnibus
527 1030 681 1113 expositis
705 1031 830 1092 animos
853 1029 1068 1093 multitudinis
1088 1029 1263 1094 confirmat.

194 1139 221 1202 si
243 1139 324 1200 forte
347 1137 454 1201 hostes
480 1138 579 1199 trium
601 1137 767 1220 legionum
797 1156 929 1200 numero
952 1143 1060 1220 posset
1087 1138 1200 1201 elioere
1224 1136 1263 1199 ad

195 1244 425 1327 dimicandum,
454 1245 590 1326 agminis
614 1245 759 1308 ordinem
787 1245 833 1306 ita
856 1245 1034 1327 constituit,
1062 1249 1099 1307 ut
1122 1245 1268 1327 legiones

193 1351 274 1434 VII,
298 1350 397 1432 VIII,
420 1351 525 1414 VIHI.
550 1355 623 1414 ante
647 1353 754 1413 omnia
775 1352 860 1415 irent
881 1351 1123 1434 impedimenta,
1148 1351 1266 1414 deinde

151 1480 179 1521 15
195 1460 339 1521 omnium
366 1457 669 1540 impedimentorum
697 1476 824 1541 agmen,
854 1457 939 1539 quod
967 1464 1074 1522 tamen
1103 1463 1170 1521 erat
1197 1476 1266 1520 me·

195 1564 313 1647 diocre,
342 1565 434 1628 utin
459 1564 719 1648 expeditionibus
747 1583 815 1628 esse
838 1567 1017 1646 consuevit,
1045 1571 1171 1648 cogeret
1192 1564 1266 1646 ΧΙ.7

195 1691 235 1734 ne
257 1672 387 1735 maioris
414 1671 631 1735 multitudinis
659 1672 779 1754 speeies
809 1672 952 1734 accidere
979 1671 1125 1734 hostibus
1150 1677 1264 1753 posset,

196 1797 290 1860 quam
323 1778 385 1861 ipsi
416 1778 682 1861 depoposcissent.
728 1779 787 1843 hao
818 1779 940 1840 ratione
972 1796 1073 1860 paene
1107 1777 1295 1860 quadratos

194 1885 321 1968 agmine
344 1885 501 1948 instructo
524 1887 559 1947 in
576 1891 782 1968 conspectum
797 1884 937 1948 hostium
958 1884 1093 1947 celerius
1109 1885 1261 1967 opinione

166 2011 305 2055 reorum
329 1993 505 2055 exereitum
529 1991 667 2055 adducit.
714 1989 795 2054 (lum
818 1996 948 2075 repente
976 1993 1147 2054 instructas
1170 1990 1261 2054 velut
1281 2006 1307 2060 e

194 2101 229 2162 iu
251 2100 319 2162 aeia
343 2103 428 2162 certo
448 2098 549 2181 gradu
572 2098 714 2181 legiones
735 2100 885 2162 accedere
902 2098 984 2162 Galli
1000 2099 1159 2180 viderent,
1183 2117 1264 2180 quo·

194 2226 265 2268 rum
293 2210 385 2268 erant
416 2206 456 2268 ad
485 2205 649 2270 Caesarem
680 2205 775 2288 plena
806 2205 943 2269 fiduciae
972 2205 1108 2268 consilia
1135 2205 1264 2288 perlata,

194 2314 261 2376 sive
285 2313 467 2375 certaminis
489 2312 631 2395 periculo
661 2313 727 2376 sive
756 2311 861 2375 subito
890 2312 1028 2375 adventu
1056 2311 1124 2374 sive
1148 2330 1264 2393 expec-

166 2422 313 2483 atatione
334 2420 437 2482 nostri
460 2420 581 2482 consilii
599 2421 705 2503 copias
720 2420 884 2482 instruunt
905 2438 962 2502 pro
979 2419 1090 2481 castris
1113 2437 1173 2482 neo
1192 2418 1263 2480 loeo

194 2529 358 2610 superiore
374 2526 540 2590 decedunt.
576 2525 704 2607 Caesar,
720 2529 778 2590 etsi
796 2526 948 2589 dimicare
965 2529 1138 2608 optaverat,
1154 2529 1261 2587 tamen
1277 2546 1298 2588 a

195 2633 368 2696 admiratus
395 2638 515 2696 tantam
542 2633 778 2696 multitudinem
808 2634 948 2697 hostium
971 2632 1054 2695 valle
1081 2632 1263 2695 intemrissa

195 2741 296 2824 magis
323 2741 360 2802 in
388 2740 588 2803 altitudinem
617 2740 766 2823 depressa
795 2760 888 2822 quam
918 2739 980 2803 late
1003 2744 1131 2822 patente
1160 2744 1263 2801 eastra

194 2849 305 2912 eastris
332 2848 472 2910 hostium
500 2847 629 2910 confert.
676 2848 754 2910 haec
781 2849 917 2929 imperat
944 2846 1026 2909 vallo
1054 2845 1171 2929 pedum
1194 2844 1261 2908 XII
1276 2868 1298 2908 a

156 2955 330 3036 10muniri,
362 2954 529 3017 loriculam
558 2972 615 3037 pro
645 2953 727 3037 [hae]
755 2955 878 3017 ratione
911 2954 981 3016 eius
1008 2952 1186 3015 altitudinis
1213 2954 1264 3014 in-

195 3059 367 3142 aedifieari,
390 3061 507 3124 fossam
530 3060 690 3143 duplicem
712 3061 830 3144 pedum
854 3060 990 3141 quinum
1014 3059 1133 3122 denum
1156 3060 1263 3122 lateri-

194 3167 254 3231 bus
270 3167 405 3250 deprimi
422 3167 571 3248 dereotis,
594 3172 697 3230 turres
712 3168 846 3231 excitari
863 3165 989 3229 crebras
1007 3167 1042 3227 in
1058 3166 1261 3229 altitudinem

194 3276 289 3337 trium
316 3274 544 3356 tabulatorum,
576 3274 727 3356 pontibus
754 3275 893 3337 traiectis
925 3273 1157 3354 constratisque
1185 3291 1261 3335 oon-

193 3381 296 3464 iungi,
329 3400 466 3463 quorum
497 3381 615 3443 frontes
643 3381 781 3474 viminea
812 3380 948 3443 loricula
976 3380 1192 3462 munirentur,
1225 3385 1260 3442 ut
1275 3400 1297 3440 4-

281 3557 504 3626 'leleotaequefl
535 3557 544 3626 11
575 3556 662 3610 8iam
682 3564 771 3623 onass
802 3557 810 3625 11
842 3555 973 3624 stipendio
991 3555 1261 3609 funoutameneon-

193 3645 356 3714 locationefi
386 3646 395 3714 1
427 3647 461 3700 13
479 3645 597 3715 legiones
616 3645 709 3714 Fri9.;
728 3645 796 3715 legio
815 3644 846 3697 X
874 3644 883 3713 1
916 3644 1029 3698 141111.
1050 3650 1139 3711 onass
1170 3645 1179 3712 11
1210 3643 1264 3696 iret

195 3755 211 3786 o
242 3736 251 3805 11
283 3735 317 3789 18
335 3751 419 3804 paene
437 3742 526 3802 onass
556 3734 565 3802 11
598 3735 632 3789 19
650 3737 829 3803 conspectui

280 3826 308 3881 9.
329 3825 342 3876 1
364 3824 432 3879 Cum
451 3843 481 3892 u3
501 3823 573 3890 Quas
591 3823 745 3894 legionesfl
776 3825 785 3891 11
817 3821 969 3892 2legiones
983 3827 1066 3888 onass
1097 3821 1105 3889 11
1137 3821 1266 3874 uiderent

194 3915 230 3967 ed.
244 3915 313 3982 ino.;
331 3915 458 3968 uiderunt
472 3932 502 3981 a,
521 3931 582 3968 cum
601 3914 753 3980 uiderentll
774 3913 783 3981 11
806 3914 823 3966 3
841 3913 939 3966 fiducia
956 3919 974 3979 β
995 3913 1005 3981 11
1028 3912 1045 3963 4
1063 3911 1120 3964 siue
1134 3926 1193 3978 exp.
1205 3909 1260 3977 Αβ;

195 4018 240 4057 sou
252 4020 312 4073 exp.
327 4023 345 4056 α
367 4004 377 4074 1
400 4004 435 4058 10
446 4004 550 4057 munire
569 4003 606 4072 as
623 4005 632 4071 11
653 4003 703 4056 hae
721 4003 771 4056 del.
790 4003 869 4072 la’ps.
893 4003 902 4069 11
925 4002 1015 4056 9-11
1035 4001 1095 4069 ped.
1116 3999 1179 4052 XII.
1199 4015 1261 4051 mu-

194 4092 254 4162 niri,
273 4093 376 4147 coronis
394 4092 588 4159 inaedifioariss
623 4094 632 4161 11
670 4093 701 4144 11
722 4093 818 4144 donum
843 4091 954 4160 quinum
978 4109 996 4142 a
1031 4089 1040 4158 11
1078 4090 1119 4141 11.
1141 4088 1174 4141 12
1192 4088 1260 4141 late-

195 4181 264 4235 ribus
288 4182 400 4236 dereotis
424 4182 591 4251 deprimitur,
619 4197 662 4235 res
686 4181 791 4235 crebras
810 4180 955 4246 excitanti
995 4179 1003 4246 11
1045 4179 1079 4231 14
1098 4176 1207 4231 loricula
1227 4177 1268 4245 ὃς

195 4268 307 4325 lurieula
323 4271 364 4339 X3
382 4271 467 4324 lurica
484 4271 503 4324 b
