2924 4808
193 301 233 363 78
592 316 697 371 BRLLI
716 316 858 372 GALLICI

191 479 286 541 titant
310 483 340 542 et
361 480 423 562 ipsi
445 485 574 563 propter
596 481 863 563 propinquitatem
889 479 999 565 [quod]
1030 480 1160 545 Gallicis
1184 487 1260 545 sunt
1275 505 1305 546 ro

162 586 333 649 imoribus
361 585 543 650 adsuefacti.
594 587 651 650 hos
680 607 754 650 cum
782 586 880 651 Suebi
907 588 1017 651 multis
1044 607 1137 672 saepe
1165 588 1259 652 bellis

189 694 314 776 experti
336 697 465 775 propter
487 693 728 776 amplitudinem
753 695 1003 777 gravitatemque
1026 695 1163 758 civitatis
1186 694 1259 758 fini-

190 800 250 864 bus
273 799 434 882 expellere
458 819 523 862 non
545 802 736 883 potuissent,
759 805 864 864 tamen
893 801 1063 884 vectigales
1087 801 1148 864 sibi
1174 802 1260 866 fece-

187 912 266 970 runt
289 927 325 970 ac
349 906 449 970 multo
473 907 658 971 humiliores
681 907 936 989 infirmioresque
959 908 1157 992 redegerunt.

151 1029 168 1080 4
277 1015 317 1076 In
340 1014 451 1078 eadem
475 1034 572 1077 causa
598 1014 729 1078 fuerunt
757 1013 904 1098 Usipetes
931 1019 964 1078 et
989 1015 1148 1097 Tencteri,
1178 1036 1285 1099 quosr

189 1141 284 1204 supra
307 1121 462 1202 diximus,
489 1123 545 1202 qui
568 1121 747 1204 complures
767 1140 867 1184 annos
884 1120 1063 1184 Sueborum
1079 1123 1145 1185 vim
1163 1124 1259 1186 susti-

161 1233 340 1308 anuerunt,
373 1229 413 1290 ad
448 1233 627 1291 extremum
660 1232 767 1291 tamen
802 1229 886 1316 agris
919 1229 1045 1312 expulsi
1082 1233 1113 1292 et
1147 1229 1260 1292 multis

187 1336 265 1398 locis
294 1333 483 1398 Germaniae
511 1335 687 1397 triennium
720 1336 825 1417 vagati
857 1335 897 1397 ad
928 1336 1076 1400 Rhenum
1103 1356 1259 1420 pervene-

186 1447 274 1522 runt,
299 1462 378 1524 quas
401 1443 549 1525 regiones
571 1441 713 1525 Menapii
737 1442 926 1506 incolebant.
972 1444 1005 1505 hi
1029 1443 1068 1505 ad
1088 1448 1288 1526 utramques

160 1551 288 1632 aripam
319 1547 461 1612 fluminis
494 1568 599 1632 agros,
632 1548 776 1613 aedificia
808 1550 960 1631 vicosque
993 1549 1166 1629 habebant;
1200 1551 1259 1613 sed-

188 1662 293 1719 tantae
324 1655 540 1719 multitudinis
573 1656 713 1718 adventu
744 1657 904 1739 perterriti
940 1675 982 1719 ex
1019 1658 1058 1721 iis
1094 1656 1258 1740 aedificiis

188 1782 270 1844 quae
294 1768 380 1827 trans
403 1763 525 1826 flumen
549 1761 739 1843 habuerant,
759 1764 1023 1847 ‚demigraverant
1050 1769 1082 1827 et
1105 1765 1150 1827 cis
1172 1765 1257 1828 Rhe-

187 1889 265 1933 num
290 1869 449 1952 dispositis
476 1870 642 1952 praesidiis
672 1868 847 1934 Germanos
875 1871 1009 1934 transire
1036 1870 1256 1954 prohibebant.

159 1976 235 2038 rilli
268 1978 375 2039 omnia
410 1978 546 2059 experti,
583 1995 658 2040 cum
692 1995 798 2058 neque
835 1979 868 2039 vi
901 1977 1093 2041 contendere
1127 1983 1257 2061 propter
1272 1999 1302 2040 1o

186 2084 327 2165 inopiam
359 2085 491 2145 navium
524 2102 631 2166 neque
664 2083 746 2146 clam
778 2085 913 2146 transire
940 2089 1068 2167 propter
1096 2084 1257 2148 custodias

187 2189 407 2274 Menapiorum
435 2195 577 2273 possent,
605 2192 722 2253 reverti
749 2209 783 2253 se
810 2193 845 2252 in
872 2210 946 2254 suas
973 2191 1065 2255 sedes
1092 2192 1256 2275 regiones-

159 2316 249 2381 sque
273 2297 505 2368 simulaverunt
533 2302 565 2360 et
587 2298 684 2360 tridui
711 2299 797 2360 viam
823 2300 981 2381 progressi
1010 2317 1121 2361 rursus
1149 2318 1256 2362 rever-

186 2410 293 2469 terunt
320 2409 415 2486 atque
444 2405 533 2467 omni
560 2406 619 2467 hoc
647 2406 759 2469 itinere
793 2425 858 2468 una
884 2411 978 2468 nocte
1007 2408 1151 2487 equitatu
1180 2425 1256 2469 con-

159 2512 267 2575 afecto
296 2513 415 2575 inscios
443 2513 709 2595 inopinantesque
737 2512 902 2594 Menapios
931 2518 1169 2595 oppresserunt,
1199 2516 1255 2595 qui
1270 2533 1299 2574 15

187 2618 225 2682 de
250 2619 482 2682 Germanorum
507 2618 649 2681 discessu
676 2637 734 2701 per
757 2618 974 2701 exploratores
1001 2620 1152 2682 certiores
1180 2619 1256 2683 facti

187 2726 255 2788 sine
288 2730 375 2788 metu
408 2729 495 2788 trans
522 2725 671 2788 Rhenum
704 2725 738 2787 in
767 2744 842 2788 suos
875 2727 962 2788 vicos
994 2726 1254 2808 remigraverunt.

160 2832 236 2895 rhis
263 2832 440 2894 interfectis
472 2831 672 2914 navibusque
701 2850 811 2894 eorum
841 2833 1012 2914 occupatis,
1039 2834 1128 2914 prius
1157 2853 1253 2915 quam

186 2957 222 3001 ea
253 2957 327 3022 pars
353 2938 590 3022 Menapiorum,
624 2958 705 3021 quaa
738 2939 818 3000 citra
844 2938 993 3001 Rhenum
1026 2945 1105 3020 erat,
1138 2941 1255 3003 certior

184 3045 286 3128 fieret,
320 3045 441 3109 flumen
474 3045 672 3108 transierunt
704 3051 798 3126 atque
830 3045 978 3108 omnibus
1007 3063 1117 3108 eorum
1145 3046 1254 3109 aedifi·
1268 3064 1298 3107 ao

185 3153 243 3215 ciis
277 3153 438 3235 occupatis
469 3151 626 3234 reliquam
654 3159 775 3235 partem
807 3153 920 3215 hiemis
953 3171 986 3215 se
1014 3171 1123 3215 eorum
1153 3154 1254 3236 copiis

185 3259 340 3322 aluerunt.

148 3375 166 3427 o
274 3365 334 3429 His
363 3367 401 3430 de
430 3366 526 3430 rebus
555 3366 669 3434 Caesar
697 3368 813 3430 certior
840 3367 943 3430 factus
976 3372 1008 3431 et
1033 3366 1282 3430 infirmitatemr

185 3472 349 3536 Gallorum
365 3475 500 3555 verituS,
525 3475 611 3556 quud
627 3479 702 3537 sunt
724 3475 759 3535 in
775 3474 915 3537 consiliis
932 3473 1093 3556 capiendis
1116 3474 1253 3538 mobiles

274 3704 307 3756 10
326 3703 397 3771 quod
415 3703 464 3756 dal.
491 3703 567 3756 Vuae.
605 3702 613 3774 ΗΗ
651 3705 683 3755 11
704 3703 779 3756 suebi
801 3721 829 3772 93
854 3702 928 3755 sueni
950 3722 991 3754 απ
1027 3701 1035 3774 ΗΗ
1073 3704 1107 3756 14
1129 3703 1255 3757 reddide-

182 3795 245 3845 runt
262 3791 424 3845 *HJMutler

271 3885 298 3936 4.
320 3884 333 3934 1
354 3881 522 3949 tenethe1·i2;
542 3881 670 3934 tenchteri
683 3899 716 3950 (μ
736 3881 858 3947 tetherip
894 3879 902 3952 ΗΗ
940 3881 1118 3949 Mconrplures
1136 3889 1165 3948 βς
1189 3899 1252 3935 cum

182 3972 272 4040 plures
292 3991 309 4022 u
345 3969 353 4040 ΗΗ
390 3971 531 4024 sueborum
555 3970 576 4035 l3
605 3986 749 4023 sueuorunr
767 3970 798 4024 X
831 3970 839 4041 ΗΗ
876 3970 948 4024 5Ηί
967 3977 996 4037 pt,
1021 3974 1047 4024 et
1069 3991 1086 4021 a
1124 3969 1132 4042 ΗΗ
1169 3972 1255 4025 lad-

183 4066 265 4114 ucntu
283 4068 312 4127 p,
332 4060 404 4112 aditu
424 4079 441 4110 a
478 4057 485 4129 ΗΗ
522 4059 554 4111 iis
580 4059 672 4125 Vasc.;
695 4059 737 4112 his
756 4059 786 4112 X
820 4058 828 4130 ΗΗ
864 4058 1118 4127 8demigrauerant
1140 4059 1254 4127 Morus;

183 4151 397 4218 demigrauerunt
415 4149 445 4201 X
478 4148 486 4219 ΗΗ
525 4151 556 4201 17
577 4149 822 4217 remigraueruntp
859 4147 867 4219 ΗΗ
905 4149 937 4202 19
957 4151 1014 4202 erat
1034 4168 1064 4216 u,
1084 4149 1129 4218 qui
1149 4149 1175 4202 in
1194 4149 1256 4203 suis

183 4239 289 4291 sedibus
308 4240 405 4306 era(n)t
422 4246 439 4305 β
