2924 4808
253 285 317 348 230
651 299 757 353 BELLI
780 298 921 353 GALLIOI

252 468 430 526 armaturae
452 461 588 545 pedites,
613 482 692 544 quus
716 467 789 525 aute
812 462 953 544 legiones
976 462 1090 524 missos
1114 460 1221 542 docui,
1250 466 1319 524 tur-

223 571 374 651 amisque
398 575 579 632 nostrorum
606 570 783 652 interpositi
810 573 991 632 constanter
1017 567 1221 651 proeliantur.
1259 587 1319 650 pu-

250 683 365 759 gnatur
381 676 579 758 aliquamdiu
595 678 664 758 pari
679 678 896 755 contentione,
922 674 1047 754 deiude,
1064 680 1098 737 ut
1113 677 1193 738 ratio
1210 680 1360 758 postu-10

250 783 335 846 labat
357 783 483 867 proelii,
508 784 562 865 qui
586 785 802 846 sustinuerant
824 784 943 866 primos
962 784 1101 865 impetus
1120 782 1318 864 insidiarum,

250 890 311 953 hoc
338 891 406 973 ipso
434 889 517 953 fiunt
544 891 735 971 superiores,
764 890 850 970 quod
872 889 999 952 nullum
1027 890 1066 953 ab
1093 889 1319 959 insidiantibus

223 998 467 1080 iimprudentes
500 1002 686 1079 acceperant
718 997 950 1059 detrimentum.
1000 996 1155 1059 accedunt
1186 996 1318 1077 propius

252 1104 380 1166 interim
403 1103 557 1186 legiones,
586 1104 752 1185 crebrique
781 1104 892 1166 eodem
920 1109 1060 1186 tempore
1088 1109 1119 1166 et
1146 1103 1319 1165 nostriset

251 1209 396 1273 hostibus
419 1211 526 1272 nuntii
550 1210 748 1289 adferuntur,
775 1211 998 1292 imperatorem
1026 1210 1189 1272 instructis
1218 1209 1318 1291 copiis
1332 1234 1360 1275 15

223 1316 369 1381 sudasse.
409 1337 471 1399 qua
494 1336 529 1380 re
552 1318 680 1399 cognita
702 1316 860 1399 praesidio
881 1317 1061 1380 cohortium
1084 1315 1196 1379 confisi
1216 1315 1319 1378 nostri

251 1425 402 1487 acerrime
426 1424 635 1506 proeliantur,
657 1442 711 1505 ne,
735 1425 763 1487 si
786 1423 907 1487 tardius
926 1443 994 1486 rem
1012 1425 1194 1507 gessissent,
1217 1423 1319 1485 victo-

250 1531 318 1592 riae
350 1530 484 1612 gloriam
516 1532 768 1594 communicasse
801 1550 875 1593 cum
907 1530 1089 1613 legionibus
1119 1529 1317 1608 viderentur,

223 1638 357 1700 ahostes
385 1638 559 1701 concidunt
586 1639 700 1719 animis
728 1644 824 1720 atque
852 1637 1019 1701 itineribus
1048 1637 1182 1701 diversis
1209 1636 1319 1719 fugam

252 1750 415 1826 quaerunt.
452 1747 661 1827 nequiquam:
687 1764 761 1808 nam
781 1746 897 1826 quibus
917 1743 1155 1808 difficultatibus
1173 1744 1319 1807 locorum
1333 1767 1360 1810 ao
1400 1820 1404 1829 ‚

224 1851 409 1917 vRomanos
443 1852 589 1915 claudere
618 1852 799 1933 voluerant,
832 1853 871 1914 iis
903 1851 965 1934 ipsi
996 1851 1195 1914 tenebantur.
1242 1850 1319 1912 victi

251 1958 378 2021 tandem
403 1959 603 2041 perculsique
631 1961 750 2026 maiore
778 1963 865 2041 parte
894 1960 1009 2021 amissa
1032 1958 1225 2020 consternati
1247 1976 1319 2040 pru-

250 2065 379 2146 fugiunt
398 2067 513 2148 partim
529 2066 617 2127 silvis
632 2066 753 2147 petitis,
777 2067 890 2148 partim
909 2064 1057 2148 flumine,
1077 2101 1119 2108 -
1140 2066 1196 2146 qui
1211 2069 1316 2127 tamen

224 2171 285 2236 sin
300 2172 377 2254 fuga
392 2191 411 2232 a
425 2174 543 2234 nostris
559 2173 673 2234 acriter
688 2170 932 2254 insequentibus
949 2171 1168 2254 conficiuntur,
1181 2208 1223 2216 -
1243 2189 1318 2233 cum

252 2278 380 2340 interim
408 2279 497 2341 nulla
525 2279 701 2342 calamitate
725 2279 828 2341 victus
853 2277 987 2341 Correus
1016 2278 1169 2342 excedere
1197 2278 1317 2360 proelio
1332 2300 1359 2341 25

251 2384 414 2466 silvasque
440 2397 546 2468 petere
579 2391 634 2449 aut
660 2385 872 2448 invitantibus
905 2387 1022 2448 nostris
1051 2386 1091 2448 ad
1124 2385 1317 2448 deditionem

251 2494 369 2574 putuit.
384 2492 513 2574 adduci,
547 2494 625 2575 quin
656 2493 827 2555 fortissime
857 2492 1041 2575 proeliando
1074 2491 1319 2575 compluresque

250 2597 448 2661 vulnerando
477 2606 603 2681 cogeret
636 2599 734 2662 elatos
761 2600 928 2662 iracundia
954 2601 1089 2662 victores
1121 2600 1156 2661 iu
1189 2617 1223 2661 se
1256 2597 1320 2661 tela

176 2735 181 2754 ·
251 2707 381 2769 coicere.

196 2829 232 2882 20
338 2813 404 2874 Tali
433 2812 527 2875 modo
560 2833 595 2876 re
627 2819 713 2896 gesta
746 2813 927 2877 recentibus
955 2814 1068 2896 proclii
1096 2814 1240 2895 vestigiis
1268 2813 1345 2874 in-1

249 2939 377 3001 gressus
406 2918 532 3001 Caesar,
565 2940 637 2983 cum
666 2922 766 2984 victos
794 2927 880 2985 tanta
912 2920 1088 2984 calamitate
1121 2921 1320 2983 existimaret

249 3026 354 3088 hostes
382 3028 494 3089 nuntio
524 3034 651 3109 accepto
685 3027 789 3090 locum
819 3033 994 3091 castrorum
1022 3028 1202 3107 reliomros,
1236 3045 1318 3107 quae

250 3152 316 3195 uon
339 3133 466 3215 longius
490 3134 529 3196 ab
553 3153 589 3197 ea
612 3134 709 3197 caede
732 3134 841 3198 abesse
864 3135 937 3218 plus
959 3136 1067 3197 miuus
1089 3133 1171 3196 Vlll
1187 3133 1318 3196 milibus

251 3238 446 3323 dicebantur,
470 3243 595 3303 tametsi
618 3239 750 3303 flumine
774 3241 962 3324 impeditum
986 3242 1154 3304 transitum
1178 3240 1347 3323 videbats

223 3352 356 3412 atamen
389 3348 531 3409 exercitu
563 3348 706 3411 traducto
739 3348 946 3430 progreditur.
993 3352 1025 3410 at
1052 3347 1216 3411 Bellovaci
1244 3347 1318 3409 reli-

251 3471 397 3535 quaeque
422 3455 564 3518 civitates
592 3460 720 3537 repente
749 3474 790 3519 ex
816 3455 893 3537 iuga
920 3456 1029 3537 paucis
1057 3461 1153 3536 atque
1175 3456 1224 3518 his
1248 3454 1318 3518 vul-

250 3561 368 3623 neratis
391 3562 540 3643 receptis,
564 3563 619 3643 qui
642 3563 795 3623 silvarum
814 3549 969 3625 beneficio
986 3580 1096 3624 casum
1112 3563 1318 3645 evitaverunt,

338 3772 470 3825 8missos
490 3790 519 3838 u,
538 3772 633 3824 missos
653 3779 748 3839 essert
779 3772 787 3840 ll
819 3773 1016 3841 9iuterpositis
1036 3792 1053 3824 u
1086 3774 1095 3836 ll
1128 3774 1159 3825 11
1180 3773 1318 3827 iusidiato-

249 3877 309 3914 rum
327 3861 422 3914 Jara'a.
455 3863 463 3926 ll
496 3862 530 3913 14
549 3861 730 3929 crebrisquefl
761 3866 770 3929 ll
802 3863 981 3929 ctuostrisa3
1000 3862 1127 3929 nostrisss
1159 3861 1168 3929 ll
1202 3863 1234 3915 15
1248 3879 1318 3914 nun-

249 3951 287 4004 tia
305 3952 495 4016 deferunturfl
531 3951 539 4018 ll
577 3951 609 4004 19
629 3951 717 4019 atque]
736 3951 763 4003 in
783 3951 844 4004 cdd.
870 3971 888 4002 α
928 3952 936 4020 ΙΙ
977 3952 1009 4004 21
1034 3951 1067 4004 iis
1086 3951 1139 4020 (his
1159 3951 1192 4018 S)
1213 3969 1242 4018 u3
1263 3968 1317 4004 om.

249 4047 266 4106 β
297 4041 305 4108 ll
338 4041 372 4093 22
395 4041 502 4093 tandem
519 4040 621 4106 (licea,
640 4043 730 4093 tamen
748 4039 779 4093 X
808 4040 816 4108 ll
848 4041 1007 4094 consternati
1029 4058 1058 4107 u3
1078 4056 1129 4109 quo
1152 4040 1206 4093 fors
1218 4038 1318 4093 tulerat

247 4131 408 4184 consternati
426 4137 443 4196 β
465 4131 474 4199 ll
497 4130 531 4182 24
550 4147 565 4183 a
583 4136 666 4195 emp
688 4131 697 4198 ll
720 4129 753 4184 25
773 4130 886 4183 corbeus
900 4148 917 4181 a
943 4129 951 4196 ll
974 4129 1008 4183 28
1022 4129 1106 4183 elatos
1119 4136 1203 4196 ommi

339 4221 384 4275 20.
405 4221 420 4271 l
440 4220 500 4287 plus
518 4220 607 4274 miuus
625 4220 665 4287 X3
683 4234 812 4288 passuum
830 4219 908 4287 Fra.
941 4219 950 4287 ΙΙ
981 4218 1150 4272 8euitarant
1167 4237 1190 4270 π
