2924 4808
202 288 264 351 108
602 301 705 355 BELLI
725 301 866 356 GALLICI

202 467 419 547 dimicaretur,
451 464 646 528 intellectum
680 469 727 528 est
760 469 884 527 nostros
917 469 1045 547 propter
1079 466 1271 548 gravitatem

201 592 375 653 armorum,
400 571 485 654 quod
509 590 615 654 neque
638 573 765 654 insequi
784 571 932 635 cedentes
951 576 1080 654 possent
1100 590 1206 653 neque
1231 571 1271 633 ab

201 680 300 762 signis
325 679 487 742 discedere
511 679 678 760 auderent,
701 680 808 742 minus
831 686 920 761 aptos
944 697 1013 742 esse
1037 678 1077 742 ad
1097 679 1194 741 huius
1218 697 1301 761 ges

174 788 286 850 aneris
309 787 445 867 hostem,
469 787 593 866 equites
617 790 723 848 autem
747 805 862 868 magno
887 804 960 848 cum
983 785 1125 868 periculo
1148 785 1272 868 proelio

201 893 365 975 dimicare,
393 898 560 975 propterea
594 893 680 975 quod
709 893 755 954 illi
784 894 879 955 etiam
908 879 1053 955 consulto
1081 892 1272 975 plerumque

202 1001 351 1081 cederent
374 1005 417 1081 et,
445 1019 517 1062 omn
541 999 673 1081 paulum
696 999 735 1061 ab
759 998 938 1081 legionibus
967 1004 1091 1062 nostros
1119 1000 1273 1062 removis-

202 1112 285 1187 sent,
310 1125 350 1169 ex
374 1106 681 1170 essedisdesilirent
704 1105 892 1188 etpedibus
917 1105 1036 1188 dispari
1054 1106 1174 1188 proelio
1198 1124 1274 1167 con·

174 1215 377 1278 stenderent.
425 1212 592 1297 [equestris
616 1217 721 1276 autem
739 1213 852 1295 proelii
876 1215 956 1275 ratio
981 1217 1012 1275 et
1030 1212 1217 1275 cedentibus
1243 1218 1274 1276 et
1289 1234 1317 1276 ro

174 1318 444 1402 rinsequentibus
467 1340 524 1402 par
546 1326 642 1403 atque
666 1320 752 1382 idem
768 1319 944 1402 periculum
965 1319 1140 1402 inferebat]
1184 1337 1274 1382 acce-

203 1412 306 1491 debat
320 1428 396 1508 huc,
420 1432 456 1490 ut
479 1445 657 1508 numquam
676 1425 822 1507 conferti,
846 1427 902 1490 sed
925 1428 989 1488 rari
1012 1428 1201 1509 magnisque
1225 1428 1274 1488 in·
1307 1438 1314 1452 '

203 1534 344 1597 teruallis
367 1533 598 1616 proeliarentur
620 1535 838 1614 stationesque
862 1534 1029 1616 dispositas
1053 1533 1206 1597 haberent
1228 1537 1274 1595 at-

204 1660 265 1722 que
290 1640 368 1703 alios
397 1641 450 1702 alii
474 1641 622 1723 deinceps
651 1643 835 1724 exciperent
863 1643 1042 1725 integrique
1071 1647 1103 1704 et
1129 1645 1274 1704 recentes

149 1763 183 1815 17
204 1747 382 1831 defatigatis
398 1747 611 1811 succederent.
658 1748 789 1812 Postero
810 1749 862 1811 die
878 1748 989 1832 procul
1005 1769 1023 1810 a
1040 1749 1150 1810 castris
1165 1747 1275 1810 hostes
1291 1767 1302 1807 1

204 1856 238 1917 in
254 1854 391 1918 collibus
407 1856 620 1917 constiterunt
634 1856 762 1935 rarique
778 1875 811 1918 se
827 1855 993 1918 ostendere
1013 1861 1044 1918 et
1059 1855 1162 1917 lenius
1178 1873 1275 1935 quam

177 1963 307 2044 apridie
335 1967 462 2023 nostros
491 1963 614 2041 equites
647 1962 766 2043 proelio
800 1962 955 2025 lacessere
988 1965 1166 2044 coeperunt.
1219 1960 1276 2023 s'ed

205 2069 348 2149 meridie,
378 2086 452 2129 curn
480 2065 594 2130 Caesar
617 2067 790 2150 pabulandi
814 2087 910 2132 causa
932 2067 982 2130 Ill
1005 2068 1149 2151 legiones
1177 2072 1276 2148 atque

205 2194 331 2238 omnem
361 2175 537 2255 equitatum
566 2194 639 2238 oum
669 2173 700 2236 O.
728 2174 886 2238 Trebonio
915 2175 1017 2258 legato
1046 2175 1197 2255 misisset,
1225 2193 1305 2236 res

204 2269 299 2365 pente
327 2300 368 2344 ex
393 2281 542 2344 omnibus
568 2280 712 2363 partibus
740 2281 780 2343 ad
808 2281 1009 2365 pabulatores
1037 2280 1277 2360 advolaverunt,

177 2390 252 2451 esic
285 2390 333 2451 uti
361 2388 400 2450 ab
430 2389 528 2471 signis
556 2387 800 2472 legionibusque
834 2407 897 2450 non
928 2388 1123 2451 absisterent.
1175 2390 1276 2450 nostri

205 2496 320 2558 acriter
346 2497 381 2558 in
404 2513 458 2557 eos
480 2496 603 2577 impetu
629 2493 711 2557 facto
734 2495 942 2577 reppulerunt
968 2512 1074 2576 neque
1100 2493 1199 2557 finem
1228 2513 1277 2557 se·

207 2603 324 2685 quendi
347 2601 502 2684 fecerunt,
528 2601 632 2684 quoad
656 2602 797 2665 subsidio
822 2602 935 2665 confisi
954 2603 1090 2683 equites,
1115 2607 1278 2684 cumpost

177 2730 191 2769 4
207 2729 240 2773 se
263 2709 406 2792 legiones
431 2710 588 2789 viderent,
611 2711 798 2792 praecipites
822 2709 927 2772 hostes
943 2714 1077 2792 egerunt
1094 2727 1276 2790 magnoque
1292 2727 1318 2769 ro

206 2836 317 2880 eorum
339 2835 473 2878 numero
496 2815 661 2879 interfecto
685 2835 790 2898 neque
811 2817 863 2878 sui
882 2815 1053 2898 colligendi
1075 2834 1181 2897 neque
1201 2834 1277 2877 con-

178 2923 338 2987 ssistendi
362 2930 417 2986 aut
440 2943 481 2987 ex
498 2924 617 2987 essedis
637 2922 807 2986 desiliendi
824 2907 1007 2985 ¹facultatem
1026 2922 1191 2985 dederunt.
1234 2941 1277 2984 ex

161 3038 163 3042 “
205 3031 264 3093 hac
287 3031 362 3114 tuga
385 3031 530 3113 protinus
554 3049 635 3112 quae
660 3029 803 3112 undique
826 3035 1042 3092 convenerant
1065 3027 1187 3090 auxilia
1212 3027 1277 3091 dis·

207 3144 383 3218 cesserunt,
407 3155 511 3218 neque
536 3142 606 3219 post
627 3136 661 3198 id
686 3141 810 3219 tempus
834 3156 987 3218 umquam
1012 3135 1145 3198 summis
1168 3134 1276 3198 nobis-

152 3255 188 3308 18
207 3263 281 3306 eum
305 3245 403 3326 copiis
428 3244 531 3306 hostes
555 3243 794 3306 contenderunt.
842 3241 957 3306 Caesar
984 3243 1111 3324 cognito
1140 3242 1304 3305 consilior

207 3370 317 3413 eorum
347 3351 387 3412 ad
410 3349 531 3412 flumen
560 3351 716 3413 Tamesim
749 3352 784 3412 in
811 3349 892 3412 fines
921 3348 1152 3413 Cassivellauni
1185 3367 1276 3412 exer-

207 3459 306 3519 citum
329 3457 437 3534 duxit3
463 3456 548 3538 quod
571 3457 693 3519 flumen
716 3476 781 3519 uno
806 3458 936 3518 omuino
960 3456 1030 3518 loco
1053 3455 1201 3538 pedibus,
1230 3464 1276 3518 ut-

296 3688 341 3742 16.
360 3689 378 3738 4
396 3689 580 3753 armatmaeft
611 3687 620 3755 ΙΙ
651 3692 701 3753 apt
733 3689 741 3754 {t
773 3685 907 3754 dproelio
926 3692 1016 3752 onor}
1047 3686 1055 3753 {t
1087 3684 1198 3752 8abu3
1218 3701 1275 3754 a93

207 3793 259 3828 cm.
283 3794 305 3827 π
346 3777 354 3844 fi
397 3776 437 3830 10.
459 3777 489 3828 ll
516 3775 647 3844 equestris
671 3814 855 3828 ...........
879 3775 1008 3827 inferebat
1031 3791 1083 3827 om.
1107 3774 1147 3827 ed.
1171 3776 1196 3841 1;
1225 3774 1275 3827 det.

210 3865 304 3918 Tittler
335 3867 344 3934 lt
377 3867 410 3917 14
429 3865 473 3918 alii
492 3872 580 3932 coefi
612 3865 620 3930 fi
655 3866 686 3918 15
706 3864 855 3933 defetigatis
875 3864 911 3916 ulo

296 3956 341 4009 17.
362 3954 378 4006 2
396 3954 529 4021 lentiusp
570 3953 578 4020 tl
620 3953 774 4021 tipartibus
797 3970 849 4006 om.
871 3973 888 4004 u
929 3953 937 4020 il
979 3953 1101 4021 oquoad
1124 3953 1171 4020 ‹uq
1199 3952 1276 4019 Atd.;

207 4045 277 4111 quod
292 4043 353 4112 χρή
373 4059 425 4112 quo
445 4061 487 4113 φα
519 4044 527 4111 Η
561 4043 594 4096 10
613 4058 641 4095 33
660 4059 712 4094 om.
734 4062 751 4093 u
784 4043 792 4111 [t
826 4042 867 4096 10.
889 4044 918 4094 ll
940 4057 1035 4111 magno
1055 4057 1276 4096 numerosorum

206 4139 223 4199 p
255 4135 263 4197 tt
297 4133 330 4185 12
349 4133 449 4186 essedis
469 4151 499 4199 o3
519 4132 629 4200 equisp

296 4221 342 4276 18.
363 4222 378 4274 2
398 4221 520 4275 tamesim
540 4222 580 4288 αῖς
599 4221 709 4274 13013310
722 4227 739 4287 β
771 4223 779 4286 tt
811 4219 1039 4288 cassii'cllairnip3
1058 4218 1281 4287 casiuellauniaf
1325 4240 1327 4252 ·
