2924 4808
205 268 268 330 120
603 283 709 337 BELLI
728 282 869 336 GALLICI

205 446 384 509 dicionibus
407 446 491 508 inter
514 465 548 509 se
571 451 670 529 agunt
691 444 882 529 longiorque
905 445 1050 508 consulto
1074 445 1113 508 ab
1137 445 1272 508 Ambio-

203 554 271 635 rige
295 552 473 614 instituitur
496 571 612 635 sermo,
636 552 790 636 paulatim
813 554 1050 616 circumventus
1072 551 1271 617 interficitur.

175 663 273 724 atum
296 640 372 722 vero
396 678 454 722 suo
478 678 566 722 more
589 659 758 722 victoriam
778 659 977 722 conclamant
1000 663 1096 740 atque
1111 658 1271 721 ululatum

176 765 320 830 rtollunt
342 767 527 848 impetuque
552 766 586 826 in
609 770 734 829 nostros
756 767 838 829 facto
855 766 983 828 ordines
998 765 1192 848 perturbant.
1226 765 1272 828 ibi

202 871 236 934 L.
261 871 350 936 Getta
372 891 520 956 pugnans
543 871 735 936 interficitur
758 892 831 936 cum
854 873 995 934 maxima
1013 877 1100 954 parte
1122 871 1271 934 militum.
1287 895 1316 937 ro

176 979 320 1061 oreliqui
352 997 386 1042 se
418 980 452 1041 in
481 984 583 1042 castra
609 980 782 1062 recipiunt,
814 979 900 1042 unde
933 983 1023 1042 erant
1055 978 1181 1060 egressi.
1230 997 1273 1041 ex

204 1085 321 1167 quibus
348 1084 382 1147 L.
406 1086 604 1149 Petrosidius
632 1086 791 1168 aquilifer,
821 1105 893 1148 cum
921 1105 1037 1168 magna
1064 1084 1272 1149 multitudine

203 1193 343 1255 hostium
371 1197 580 1274 premeretur,
613 1193 753 1273 aquilam
780 1194 864 1255 intra
892 1192 1013 1256 vallum
1041 1193 1169 1275 proicit3
1203 1193 1273 1276 ipse

175 1319 260 1382 apro
293 1300 404 1362 castris
436 1298 606 1361 fortissime
638 1318 784 1382 pugnans
813 1299 977 1362 occiditur.
1027 1299 1077 1362 illi
1105 1319 1198 1390 aegpe
1232 1300 1273 1364 ad

203 1411 329 1468 noctem
353 1406 624 1489 oppugnationem
648 1406 821 1486 sustinent,
850 1412 943 1468 nocte
966 1407 1006 1469 ad
1028 1425 1132 1469 unum
1160 1425 1273 1470 omnes
1289 1427 1316 1469 15

176 1513 368 1595 rdesperata
399 1511 500 1575 salute
535 1531 569 1575 se
601 1513 664 1595 ipsi
695 1511 900 1576 interficiunt.
950 1513 1044 1595 pauci
1077 1531 1118 1575 ex
1150 1513 1273 1596 proelio

204 1619 303 1701 elapsi
327 1619 456 1682 incertis
479 1619 656 1686 itineribus,
670 1639 728 1702 per
749 1619 845 1682 silvas
868 1619 907 1681 ad
930 1619 962 1681 T.
986 1618 1164 1683 Labienum
1186 1619 1274 1703 lega-

203 1732 272 1789 tum
303 1727 337 1788 in
369 1726 504 1790 hiberna
530 1727 722 1809 perveniunt
743 1722 848 1812 {atque
878 1744 951 1788 eum
978 1725 1023 1807 lde
1050 1726 1146 1789 rebus
1173 1728 1274 1810 gestis

203 1833 371 1897 certiorem
394 1833 524 1895 faciunt.

149 1952 185 2006 38
293 1939 364 2001 Hac
387 1940 522 2002 victoria
544 1939 689 2002 sublatus
712 1940 883 2002 Ambiorix
907 1941 1012 2002 statim
1036 1959 1111 2003 eum
1127 1941 1301 2022 equitatur

201 2047 235 2106 in
259 2047 450 2126 Atuatucos,
479 2047 534 2127 qui
557 2051 647 2109 erant
675 2048 742 2109 eius
766 2066 863 2129 regno
891 2045 1032 2127 finitimi,
1060 2045 1275 2128 proficiscitur

202 2170 309 2234 neque
341 2157 468 2215 noctem
501 2171 605 2233 neque
634 2152 718 2215 diem
746 2154 938 2234 intermittit,
969 2153 1210 2236 peditatumque
1239 2173 1274 2217 se

175 2259 356 2340 asubsequi
388 2259 484 2322 iubet.
535 2279 569 2323 re
599 2260 813 2323 demonstrata
840 2261 1073 2342 Atuatucisque
1106 2261 1275 2323 concitatis

202 2371 328 2451 postero
353 2366 404 2429 die
420 2367 456 2429 in
471 2366 608 2430 Nervios
626 2368 773 2448 pervenit
786 2367 1006 2448 hortaturque,
1029 2385 1071 2429 ne
1086 2367 1137 2429 sui
1151 2367 1184 2428 in
1202 2385 1303 2449 per-o

203 2478 335 2556 petuum
358 2473 515 2536 liberandi
539 2479 634 2554 atque
663 2473 839 2537 ulciscendi
860 2473 1020 2536 Romanos
1043 2492 1100 2556 pro
1123 2474 1164 2536 iis
1192 2492 1274 2554 quas

175 2580 383 2663 aacceperint
409 2580 536 2642 iniuriis
564 2581 764 2642 occasionem
784 2579 952 2642 dimittant.
995 2578 1178 2642 interfectos
1203 2598 1274 2644 esse

203 2687 323 2769 legatos
352 2686 431 2748 duos
459 2705 672 2770 magnamque
699 2691 821 2769 partem
850 2687 1010 2750 exercitus
1036 2686 1185 2750 interisse
1219 2686 1274 2750 de-

175 2797 372 2872 lmonstrat3
402 2792 484 2855 nihil
512 2811 580 2856 esse
608 2793 730 2876 negotii
757 2793 861 2856 subito
891 2811 1073 2876 oppressam
1104 2793 1274 2876 legionem,

204 2919 284 2980 quae
310 2919 383 2962 cum
407 2897 560 2963 Cicerone
584 2900 714 2982 hiemet,
737 2878 887 2980 interfici3
913 2919 947 2964 se
972 2900 1011 2962 ad
1028 2919 1098 2962 eam
1113 2919 1182 2964 rem
1199 2920 1274 2983 pro·
1288 2919 1317 2962 ro

202 3005 310 3069 fitetur
334 3007 518 3070 adiutorem.
564 3007 656 3070 facile
684 3007 743 3069 hac
771 3008 914 3070 oratione
937 3007 1066 3071 Nerviis
1094 3007 1273 3089 persuadet

149 3119 186 3174 39
204 3113 317 3195 ltaque
342 3114 510 3176 confestim
534 3113 673 3177 dimissis
696 3114 819 3177 nuntiis
842 3114 882 3176 ad
906 3111 1095 3194 Ceutrones,
1124 3111 1302 3195 (trudinar

202 3219 356 3301 LevacOS,
380 3219 600 3301 Pleumoxios,
625 3220 833 3302 GeidumncS,
863 3221 918 3301 qui
942 3239 1053 3282 omnes
1077 3220 1135 3282 sub
1161 3238 1274 3283 eorum

203 3326 336 3407 imperio
365 3331 452 3407 stmt,
487 3345 581 3406 quam
609 3329 766 3390 maximas
794 3332 928 3409 possunt
954 3345 1068 3388 manus
1096 3333 1215 3410 cogtmt
1241 3332 1276 3391 et

292 3520 338 3575 37.
359 3520 383 3573 6.
403 3520 418 3571 7
440 3517 560 3571 consulto
580 3534 667 3571 sermo
691 3519 723 3572 ab
741 3519 884 3588 ambiorige
909 3520 1088 3586 instituiturss
1129 3518 1136 3590 ΗΗ
1179 3521 1213 3572 12
1231 3519 1274 3572 lu-

203 3608 260 3662 cius
280 3627 309 3676 o,
333 3616 421 3675 enat
463 3607 471 3678 ΗΗ
513 3607 546 3661 13
565 3606 660 3675 proicit
679 3607 750 3674 HM,
773 3609 883 3676 proiecit
900 3609 931 3661 X
969 3607 977 3678 ΗΗ
1020 3609 1053 3661 14
1076 3624 1198 3678 pugnans
1219 3609 1274 3664 for-

203 3698 304 3752 tissime
323 3715 357 3767 pa
394 3696 402 3768 ΗΗ
440 3699 473 3751 15
492 3699 571 3750 noctu
591 3717 608 3748 o
646 3695 653 3768 ΗΗ
692 3699 723 3749 17
742 3696 809 3765 lapsi
829 3717 847 3747 a

292 3787 337 3842 38.
358 3787 375 3838 2
393 3789 532 3840 atuatucos
552 3787 636 3855 (-icos
656 3785 688 3854 a)
707 3793 736 3853 β;
760 3789 916 3839 antuatucos
941 3786 1035 3855 t-icos)
1058 3806 1075 3837 a
1112 3785 1120 3856 ΗΗ
1158 3787 1174 3840 3
1195 3786 1274 3856 (iter)

203 3874 352 3927 intermittit
369 3875 464 3928 beria.
502 3874 510 3946 ΗΗ
547 3891 575 3928 se
595 3874 650 3942 Afl3
670 3891 729 3928 sese
748 3895 765 3926 a
803 3874 810 3945 ΗΗ
849 3875 1036 3942 carrarca
1059 3876 1185 3928 adnata
1217 3873 1225 3946 ΗΗ
1256 3876 1275 3930 6

204 3963 235 4016 iis
254 3963 375 4031 Manat,
395 3965 436 4018 his
454 3965 485 4018 X
523 3963 531 4035 ΗΗ
574 3966 765 4032 lacceperant
785 3964 828 4017 Str
870 3962 878 4034 ΗΗ
918 3964 1005 4018 8duo
1025 3963 1146 4016 A¹B¹M1
1188 3963 1196 4034 ΗΗ
1239 3965 1276 4019 10

203 4052 315 4106 interfici
334 4069 423 4122 posse,
443 4055 475 4107 ad
495 4070 554 4107 eam
571 4069 628 4106 rem
648 4060 712 4121 sepi

291 4142 338 4197 39.
358 4141 374 4193 2
393 4143 627 4212 pleumoximosp
669 4141 676 4213 ΗΗ
718 4143 852 4212 gaudinos
872 4161 894 4193 π
931 4144 939 4211 ΗΗ
976 4143 1078 4195 3sunt
1102 4160 1131 4209 c3
1155 4141 1274 4195 contine-

204 4230 335 4296 banturss
371 4229 379 4300 ΗΗ
415 4247 510 4284 manus
529 4233 640 4299 possunt
659 4250 676 4282 a
713 4229 721 4301 ΗΗ
758 4234 885 4300 cogantp
