2924 4808
207 283 248 344 94
606 297 711 350 BELLI
731 296 872 351 GALLICI

204 459 282 523 belli
305 460 464 524 inferendi
487 480 584 523 causa
610 461 644 522 in
667 459 869 523 Britanniam
898 462 1107 523 transiturum
1136 459 1274 524 confide·
1289 487 1318 529 ro

205 568 291 630 bant.
336 569 445 647 itaque
460 587 572 630 rursus
589 568 809 630 coniuratione
824 567 907 630 fecta
929 569 1082 651 paulatim
1106 587 1148 631 ex
1164 569 1275 631 castris

149 685 185 741 31
206 673 367 739 discedere
392 678 423 738 et
446 693 520 737 suos
544 674 626 736 olam
650 693 691 737 ex
715 675 801 756 agris
826 674 983 737 deducere
1007 679 1189 757 coeperunt.
1231 676 1302 742 Ata

206 780 333 862 Caesar,
357 782 416 844 etsi
440 780 585 843 nondum
608 800 718 843 eorum
743 782 875 844 consilia
892 786 1096 864 cognoverat,
1120 786 1227 845 tamen
1243 788 1278 846 et

205 907 246 952 ex
270 893 385 951 eventu
409 888 542 950 navium
566 907 696 951 suarum
725 893 756 951 et
784 906 825 950 ex
849 907 900 969 eo,
930 888 1015 970 quod
1044 888 1169 951 obsides
1198 888 1275 952 dare

177 996 454 1077 2intermiserant,
477 995 544 1058 fore
567 995 614 1077 id,
640 995 725 1078 quod
742 995 868 1077 accidit,
893 995 1122 1078 suspicabatur.
1165 996 1274 1078 itaque

205 1103 244 1165 ad
268 1121 378 1166 omnes
402 1122 495 1166 casus
518 1101 661 1165 subsidia
684 1101 893 1184 comparabat.
932 1121 1007 1164 nam
1031 1107 1062 1166 et
1076 1101 1304 1169 frumentums

205 1228 245 1272 ex
269 1210 354 1293 agris
378 1210 494 1273 cotidie
522 1210 557 1271 in
580 1214 683 1272 castra
707 1207 889 1272 conferebat
917 1214 948 1272 et
976 1227 1058 1290 quac
1085 1210 1275 1292 gravissime

204 1316 348 1379 adflictae
372 1321 463 1380 erant
485 1335 597 1397 naves,
622 1335 731 1379 earum
754 1316 887 1378 materia
911 1320 1006 1398 atque
1035 1334 1106 1379 aere
1136 1316 1176 1378 ad
1199 1318 1276 1380 reli-

205 1443 285 1504 quas
307 1422 497 1486 reficiendas
520 1423 669 1487 utebatur
696 1427 728 1485 et
752 1441 833 1505 quae
859 1423 976 1486 adeas
1003 1441 1054 1485 res
1082 1428 1172 1486 erant
1197 1425 1275 1487 usui

176 1549 247 1599 sex
279 1531 456 1594 continenti
489 1530 665 1613 comparari
697 1529 833 1593 iubebat.
884 1530 1006 1611 itaque,
1040 1550 1114 1594 oum
1146 1550 1273 1593 summo

204 1637 309 1700 studio
343 1657 361 1699 a
387 1638 543 1700 militibus
572 1638 860 1715 administraretur,
888 1636 956 1704 XII
983 1637 1120 1700 navibus
1148 1638 1273 1700 amissis
1288 1660 1317 1702 ro

148 1763 184 1818 32
203 1745 336 1828 reliquis
359 1750 396 1808 ut
419 1745 563 1827 navigari
590 1743 696 1829 (satis)
724 1745 888 1808 commode
912 1749 1019 1827 posset
1038 1745 1146 1807 effecit.
1185 1743 1300 1808 Ilumr

204 1870 240 1914 ea
269 1857 436 1934 geruntur,
464 1851 590 1934 legione
618 1871 659 1914 ex
688 1852 918 1914 consuetudine
950 1871 1015 1914 una
1041 1852 1273 1914 frumentatum

202 1959 311 2041 misse,
336 1977 418 2041 quac
442 1958 659 2041 appellabatur
681 1957 764 2041 VH,
788 1977 895 2039 neque
923 1957 989 2020 ulla
1017 1958 1057 2020 ad
1083 1957 1118 2020 id
1146 1962 1273 2042 tempus

203 2067 280 2129 belli
304 2067 484 2148 suspicione
507 2067 704 2148 interposite,
729 2086 803 2128 cum
826 2085 899 2148 pars
926 2065 1095 2127 hominum
1123 2066 1156 2127 in
1186 2067 1273 2148 agris

203 2178 392 2254 remaneret,
424 2193 496 2256 pars
525 2173 620 2236 etiam
647 2175 681 2235 in
710 2177 812 2236 castra
838 2175 1020 2256 ventitaret,
1053 2173 1091 2255 ii,
1125 2173 1181 2255 qui
1214 2193 1302 2255 pros

202 2281 301 2364 portis
330 2285 505 2343 castrorum
533 2281 567 2342 in
595 2281 729 2343 statione
759 2285 860 2362 erant,
889 2279 1013 2344 Caesari
1041 2281 1274 2343 nuntiaverunt

201 2387 365 2470 pulverem
391 2388 555 2469 maiorem,
581 2406 676 2469 quam
701 2389 900 2450 consuetudo
924 2387 1032 2470 ferret,
1059 2389 1095 2449 in
1118 2406 1155 2450 ea
1183 2392 1273 2469 perte

175 2494 317 2577 avideri,
343 2514 438 2577 quam
460 2495 495 2556 in
518 2499 640 2577 partem
662 2494 744 2577 legio
771 2496 832 2558 iter
853 2495 987 2558 fecisset.
1035 2492 1148 2557 Caesar
1172 2480 1214 2540 ‘-
1238 2493 1271 2555 id

203 2603 289 2686 quod
318 2606 449 2664 erat-
479 2603 658 2684 suspicatus
685 2602 806 2684 aliquid
833 2603 910 2664 nori
939 2622 957 2664 a
984 2602 1126 2665 barbaris
1154 2603 1272 2664 initum

131 2723 143 2759 ῖ
179 2709 341 2797 ,ροηείΙίἱ,
362 2710 518 2790 cohortes,
540 2727 620 2788 quae
639 2709 673 2771 in
688 2708 878 2771 stationibus
897 2714 999 2792 erant,
1018 2728 1128 2772 secum
1146 2709 1179 2770 in
1200 2727 1271 2771 eam
1286 2728 1314 2769 1o

201 2822 323 2898 partem
347 2814 517 2898 proficisci,
541 2833 583 2878 ex
605 2815 738 2898 reliquis
755 2814 833 2878 duas
848 2817 882 2877 in
899 2817 1068 2879 stationem
1091 2817 1272 2899 succedere,

173 2923 341 3005 ereliquas
370 2924 486 2984 armari
515 2928 546 2985 et
573 2924 739 2985 confestim
765 2941 834 2985 sese
862 2922 1016 3005 subsequi
1043 2925 1144 2986 iussit.
1196 2944 1272 2987 cum

200 3031 295 3112 paulo
313 3030 441 3112 lougius
458 3050 476 3092 a
492 3031 603 3092 castris
618 3030 835 3112 processisset,
858 3049 933 3093 suos
950 3029 989 3092 ab
1005 3013 1151 3093 hostibus
1167 3033 1270 3115 premi

202 3142 296 3218 atque
321 3155 413 3219 aegre
436 3138 592 3200 sustinere
616 3142 648 3200 et
671 3135 812 3199 conferta
826 3136 953 3219 legione
977 3157 1019 3200 ex
1035 3137 1183 3200 omnibus
1199 3158 1271 3221 par-

173 3242 287 3307 atibus
311 3243 374 3306 tela
397 3243 478 3306 coici
503 3244 732 3306 animadvertit.
770 3263 846 3306 nam
871 3243 957 3326 quod
976 3246 1063 3306 omni
1078 3264 1119 3307 ex
1134 3242 1269 3326 reliquis
1284 3260 1312 3302 ro

200 3350 344 3433 partibus
369 3350 512 3412 demesso
535 3351 694 3414 frumento
718 3371 791 3433 pars
815 3370 879 3412 una
907 3356 974 3414 erat
1001 3351 1138 3434 reliqua,
1166 3353 1270 3434 suspi-

201 3458 264 3519 cati
286 3457 392 3519 hostes
415 3456 478 3518 huc
501 3464 627 3520 nostros
651 3477 718 3527 esse
743 3463 896 3520 venturos
911 3462 1009 3519 noctu
1028 3459 1060 3519 in
1086 3457 1174 3520 silvis
1191 3456 1271 3520 deli-

290 3687 323 3739 12
343 3689 370 3740 et
386 3695 417 3755 β;
436 3690 482 3740 aut
500 3705 530 3753 c3
549 3703 581 3740 ac
598 3687 672 3740 ed]

287 3777 333 3832 31.
354 3778 368 3829 7
389 3777 465 3830 erant
483 3777 627 3841 afflictaest
658 3775 667 3842 ll
698 3776 742 3829 lle
754 3783 772 3843 β
803 3777 811 3844 ll
844 3776 990 3844 comparari
1009 3782 1038 3842 β;
1058 3775 1206 3844 conportari
1223 3795 1241 3827 o
1261 3775 1271 3847 ll

201 3868 231 3917 ll
251 3866 377 3934 nauigare
395 3873 412 3932 β
443 3866 451 3934 ll
484 3865 547 3918 satis
567 3865 629 3918 cdd.
644 3861 758 3917 'RScbm

287 3955 333 4010 32.
353 3957 369 4008 5
389 3955 451 4021 hic
482 3956 490 4024 ll
523 3953 801 4020 ennuntiaueruntc
832 3955 841 4021 ll
873 3955 1031 4021 9nouumfl
1063 3955 1071 4022 Η
1105 3954 1139 4008 10
1154 3954 1270 4008 statione

200 4043 223 4096 S
252 4044 260 4110 ll
294 4046 325 4096 ll
347 4044 413 4097 duas
432 4060 466 4096 ex
485 4042 630 4110 reliquisfl
662 4045 670 4112 l
703 4043 845 4096 succedere
863 4051 892 4110 c,
917 4044 1040 4097 cohortes
1059 4044 1203 4097 succedere
1223 4063 1240 4094 u
1259 4042 1270 4114 ll

199 4131 233 4184 12
252 4148 280 4185 se
298 4140 327 4200 β;
347 4132 443 4185 ocaS
477 4133 485 4200 ΙΙ
523 4133 555 4186 15
575 4132 694 4185 animum
712 4132 864 4198 aduertitpl
896 4133 903 4199 ll
942 4133 974 4186 16
998 4148 1059 4201 pars
1083 4148 1136 4185 una
1160 4151 1190 4200 ας
1213 4148 1271 4185 una

197 4238 258 4289 pars
276 4229 294 4288 β
