2924 4808
519 328 624 382 LIBER
643 328 702 381 VII.
723 327 798 382 enP.
820 328 937 384 27-30.
1197 313 1258 376 177

150 513 178 556 ao
193 490 420 574 ducendosque
449 491 489 553 ad
517 511 592 554 suos
620 492 756 573 curavit,
785 509 866 574 quae
895 491 1010 572 cuique
1038 491 1161 552 civitati
1188 510 1261 574 pars

193 603 368 660 castrorum
392 597 430 659 ab
455 598 546 661 initio
571 598 750 661 obvenerat

166 727 178 768 r
281 704 412 768 Postero
437 705 488 768 die
512 705 646 767 concilio
671 690 844 767 convocato
868 705 1049 768 consolatus
1065 704 1260 767 cohortatus·
1278 714 1316 769 21)

193 830 255 892 que
280 816 340 891 est,
364 830 404 874 ne
428 829 462 874 se
486 811 657 873 admodum
681 813 787 874 animo
812 811 1017 874 demitterent
1039 829 1121 874 neve
1137 817 1260 894 pertur-

193 918 345 981 barentur
367 919 577 981 incommodo.
623 938 688 980 non
713 920 828 981 virtute
855 937 961 1000 neque
989 919 1022 979 in
1051 919 1117 981 acie
1146 919 1288 986 vicissea

192 1024 365 1107 Romanos,
389 1026 444 1088 sed
468 1024 602 1087 artificio
627 1025 765 1106 quodam
788 1030 820 1088 et
843 1026 977 1100 scientia
1005 1026 1260 1108 oppugnationis,

166 1132 285 1194 scuius
313 1132 361 1194 rei
387 1131 508 1194 fuerint
534 1133 596 1213 ipsi
623 1132 770 1214 imperiti.
822 1151 941 1212 errare,
974 1132 1000 1194 si
1030 1133 1085 1213 qui
1113 1133 1148 1194 in
1176 1132 1287 1200 bellna

194 1257 304 1301 omnes
333 1239 489 1301 secundos
516 1258 624 1301 rerum
651 1243 825 1320 proventus
853 1243 1028 1321 expectent.
1075 1239 1137 1301 sibi
1168 1259 1288 1305 num-4

195 1364 291 1426 quam
313 1344 471 1427 placuisse
497 1346 670 1408 Avaricum
694 1345 834 1426 defendi,
862 1346 954 1408 cuius
976 1346 1023 1408 rei
1052 1351 1147 1408 testes
1175 1347 1261 1428 ipsos

195 1451 336 1534 haberet,
360 1452 416 1515 sed
439 1451 558 1514 factum
582 1452 798 1534 imprudentia
821 1453 1005 1534 Biturigiun
1030 1458 1062 1515 et
1085 1453 1183 1514 nimia
1206 1453 1261 1516 ob-

195 1560 361 1639 sequentia
388 1560 598 1641 reliquorum,
627 1560 675 1621 uti
704 1559 763 1621 hoc
790 1559 1027 1621 incommodum
1056 1560 1260 1641 acciperetur.

160 1682 183 1725 ιο
195 1665 227 1726 id
259 1671 366 1728 tamen
399 1685 432 1729 se
466 1667 610 1729 celeriter
644 1666 818 1727 maioribus
856 1666 1030 1728 commodis
1066 1670 1288 1733 sanaturums

195 1791 266 1833 nam
292 1792 373 1854 quae
397 1773 435 1835 ab
460 1773 590 1853 reliquis
614 1772 713 1835 Gallis
729 1774 873 1835 civitates
889 1772 1107 1851 dissentirent,
1131 1773 1187 1835 has
1203 1793 1289 1839 suae

196 1878 359 1960 diligentia
383 1879 610 1942 adiuncturum
635 1883 729 1961 atque
752 1898 855 1941 unum
879 1879 1048 1941 consilium
1073 1880 1170 1941 totius
1188 1878 1261 1941 Gal·

195 1985 254 2049 liae
279 1986 480 2068 effecturum,
504 1987 595 2048 cuins
612 1987 781 2049 consensui
799 2005 838 2048 ne
855 1985 940 2048 orbis
957 1986 1088 2066 quidem
1105 1991 1262 2049 terrarum

197 2093 295 2173 possit
319 2093 486 2172 obsistere,
511 2087 609 2175 idque
633 2112 667 2156 se
691 2112 787 2174 prope
806 2094 870 2155 iam
887 2092 1033 2156 effectum
1049 2093 1174 2156 habere.
1213 2094 1288 2160 iri-7

164 2203 280 2261 nterea
304 2217 443 2282 aequum
467 2219 535 2262 esse
559 2199 597 2261 ab
625 2200 664 2262 iis
693 2200 872 2262 communis
901 2200 1011 2262 salutis
1040 2219 1136 2262 causa
1163 2200 1262 2283 impc-

197 2307 283 2385 trari,
307 2316 344 2368 ut
360 2312 461 2369 castra
477 2308 602 2370 munire
618 2307 831 2387 instituerent,
857 2326 919 2387 quo
938 2305 1063 2368 facilius
1079 2308 1262 2389 repentinos

176 2411 334 2474 inostium
357 2414 495 2496 impetus
518 2415 675 2476 sustinere
698 2417 835 2494 possent.
883 2412 956 2475 Fuit
980 2412 1057 2475 haec
1074 2415 1173 2475 oratio
1197 2433 1262 2475 nen
1280 2429 1317 2483 30

197 2518 320 2602 ingrata
344 2517 455 2600 Gallis,
480 2525 511 2583 et
533 2521 672 2583 maxime
697 2519 782 2601 quod
806 2520 873 2601 ipse
894 2520 999 2581 animo
1020 2538 1084 2580 non
1106 2518 1263 2582 defecerat

197 2628 280 2688 tanto
305 2630 434 2708 accepto
457 2627 658 2689 incommodo
683 2644 786 2707 neque
813 2623 877 2709 <se>
904 2626 938 2687 in
958 2626 1116 2687 oecultum
1133 2625 1262 2689 abdide-

197 2737 242 2794 rat
274 2737 307 2796 et
338 2738 544 2814 conspectum
572 2731 788 2794 multitudinis
816 2732 951 2814 fugerat,
985 2732 1122 2815 ptusque
1155 2733 1289 2797 animoa

174 2839 362 2919 aprovidere
391 2847 422 2901 et
449 2840 644 2921 praesentire
673 2837 929 2918 existimabatur,
963 2838 1048 2919 quod
1075 2857 1110 2901 re
1139 2839 1263 2920 integra

197 2946 296 3026 primo
312 2946 553 3009 incendendum
568 2946 756 3024 Avaricum,
772 2949 844 3027 post
859 2944 1070 3007 deserendum
1088 2951 1262 3008 censuerat.

197 3051 302 3133 itaque
332 3057 368 3114 ut
389 3053 587 3132 reliquorum
614 3053 841 3134 imperatorum
867 3069 919 3112 res
947 3051 1098 3114 adversae
1127 3052 1290 3117 auctori-e

197 3161 291 3220 tatem
314 3159 477 3241 minuunt,
502 3160 547 3221 sic
564 3159 658 3220 huius
675 3178 716 3221 ex
732 3158 891 3219 contrario
909 3157 1045 3238 dignitas
1061 3158 1262 3221 incommodo

199 3269 324 3348 accepto
348 3266 380 3326 in
406 3266 473 3329 dies
497 3265 679 3347 augebatur.
726 3264 821 3326 simul
844 3265 875 3325 in
901 3283 989 3345 spem
1010 3264 1179 3327 veniebant
1195 3267 1263 3328 eius

165 3381 186 3424 10
198 3370 417 3434 adfirmatione
442 3371 480 3435 de
504 3372 636 3453 reliquis
660 3370 872 3452 adiungendis
888 3371 1085 3451 civitatibus,
1108 3373 1290 3453 primum-r

199 3496 257 3558 que
285 3497 322 3542 eo
347 3483 488 3560 tempore
517 3478 601 3541 Galli
628 3483 731 3540 castra
757 3478 882 3539 munire
910 3477 1128 3558 instituerunt,
1159 3484 1189 3541 et
1217 3480 1263 3541 sic

285 3743 320 3798 20
338 3743 443 3796 curauit
459 3743 545 3811 RMp,
565 3744 670 3795 curaret
687 3741 718 3794 X

283 3859 330 3913 29.
351 3857 367 3910 2
386 3858 549 3911 dimitterent
572 3857 627 3926 Sps
658 3859 667 3925 11
702 3873 770 3909 neue
788 3863 816 3923 ft,
840 3873 874 3909 nc
894 3876 911 3907 a
947 3856 956 3924 11
993 3856 1027 3911 10
1045 3858 1199 3908 sanaturum
1223 3855 1262 3922 X;

199 3948 331 4000 sciturum
350 3947 438 4000 Beati.
472 3949 480 4016 ΙΙ
515 3949 545 3999 11
566 3964 627 3999 nam
646 3963 713 4014 quae
738 3944 797 4014 (χὲ)
817 3946 897 4011 ed.1;
916 3961 1029 4012 namque
1049 3943 1154 4013 cana)
1188 3945 1196 4012 tt
1230 3944 1262 3996 13

199 4049 362 4105 consensuri
394 4035 403 4104 tl
440 4037 474 4088 14
492 4038 583 4104 posset
602 4034 664 4087 HM
695 4036 703 4104 ΙΙ
742 4037 774 4088 15
792 4033 835 4088 his
855 4033 891 4101 as
922 4034 931 4098 lt
968 4032 1263 4087 16.17hostium1·e·

200 4125 351 4192 pentinosp
382 4126 391 4194 lt
425 4126 456 4177 17
476 4125 606 4177 sustinere
625 4125 734 4192 possent
750 4129 779 4190 β;
799 4123 961 4175 sustinerent
978 4139 997 4172 a

284 4241 521 4306 30.2etom.fl
552 4240 560 4309 11
592 4238 831 4294 3seudd.cd.1
921 4242 992 4293 .·'

240 4345 319 4389 Caesar
332 4346 350 4391 Ι.
366 4346 400 4390 cd.
416 4345 506 4388 Meusel.
