2924 4808
206 310 268 372 130
604 323 710 377 BELLI
728 322 871 377 GALLIGI

205 488 320 569 stituit,
358 492 389 550 et
422 486 507 568 quod
539 488 618 549 tanti
650 491 756 548 motus
794 485 924 575 Galliaex
952 487 1135 569 extiterant,
1173 492 1273 550 totam

176 595 341 662 rhiemem
372 594 440 676 ipse
473 593 513 655 ad
541 594 718 656 exercitum
749 613 879 657 manere
913 593 1060 657 decrevit.
1111 613 1186 656 nam
1214 593 1272 655 illo

204 700 405 763 incommodo
435 701 474 763 de
502 698 611 762 Sabini
640 705 740 763 morte
768 700 888 783 perlato
918 719 1028 764 omnes
1055 700 1120 764 fere
1150 699 1273 763 Galliae

204 809 348 871 civitates
378 808 416 870 de
443 806 526 869 bello
551 807 785 888 consultabant,
813 808 942 869 nuntios
970 807 1208 890 legationesque
1236 809 1271 869 in
1288 831 1316 872 ra

204 933 314 978 omnes
336 919 442 998 partes
466 913 667 976 dimittebant
689 918 721 977 61
740 914 816 994 quid
835 913 953 994 reliqui
975 913 1100 977 consilii
1123 919 1274 997 caperent

203 1031 298 1104 atque
325 1021 410 1085 unde
439 1021 568 1083 initium
595 1019 671 1084 belli
696 1019 788 1084 fieret
815 1020 1024 1103 explorabant
1051 1026 1273 1102 nocturnaque

176 1130 237 1198 ain
269 1128 347 1191 locis
380 1128 511 1190 desertis
545 1127 678 1190 concilia
710 1127 876 1191 habebant.
933 1146 1038 1209 neque
1070 1126 1173 1190 ullum
1205 1126 1273 1191 fere

204 1236 301 1298 totius
323 1235 437 1299 hiemis
461 1240 585 1316 tempus
603 1236 672 1297 sine
691 1234 906 1298 solhcitudine
926 1233 1069 1298 Caesaris
1083 1235 1272 1317 intercessit,

205 1343 281 1424 quin
307 1342 447 1423 aliquem
471 1342 510 1404 de
534 1341 675 1404 consiliis
699 1361 735 1404 ac
755 1347 845 1404 motu
864 1340 1028 1403 Gallorum
1047 1343 1197 1403 nuntium
1221 1360 1272 1404 ac·
1287 1363 1315 1404 20

177 1451 329 1530 cciperet.
376 1449 410 1509 in
437 1448 487 1510 his
515 1448 554 1510 ab
582 1447 616 1511 L.
640 1448 768 1530 Roscio,
798 1467 893 1530 quem
919 1447 1038 1530 legioni
1061 1447 1152 1510 XIII.
1180 1467 1272 1530 prae-

203 1555 334 1635 fecerat,
354 1556 469 1618 certior
486 1555 588 1618 factus
608 1559 655 1618 est
674 1574 806 1638 magnas
827 1553 1013 1637 [Gallorum]
1034 1555 1141 1637 copias
1161 1573 1273 1617 earum

204 1663 380 1744 civitatum,
410 1681 491 1743 quae
515 1662 720 1726 Aremoricae
744 1663 956 1745 appellantur,
986 1662 1193 1744 oppugnandi
1221 1663 1273 1723 sui

177 1797 188 1838 r
204 1789 299 1833 causa
322 1771 511 1833 convenisse
534 1788 640 1850 neque
659 1769 789 1851 longius
807 1768 938 1831 milibus
956 1788 1108 1851 passuum
1127 1767 1209 1830 VIII
1231 1768 1271 1831 ab

203 1877 346 1940 hibernis
368 1877 437 1939 suis
461 1876 590 1957 afuisse,
613 1875 669 1938 sed
692 1877 807 1937 nuntio
832 1875 936 1937 adlato
966 1874 1005 1938 de
1033 1876 1166 1938 victoria
1194 1874 1272 1938 Cae·
1286 1895 1315 1936 25

204 1985 283 2045 saris
307 1983 502 2064 discessisse,
527 1982 604 2044 adeo
624 1988 659 2044 ut
676 1982 771 2065 fugae
791 1982 903 2044 simih's
924 1981 1081 2045 discessus
1100 1981 1271 2045 videretur.

149 2108 184 2160 54
293 2090 336 2152 At
360 2089 475 2152 Caesar
497 2089 696 2171 principibus
720 2090 875 2171 cuiusque
903 2090 1039 2152 civitatis
1067 2089 1107 2150 ad
1135 2107 1168 2151 se
1197 2107 1298 2151 evo-1

204 2198 281 2259 catis
304 2197 384 2258 alios
408 2195 594 2276 territando,
623 2214 697 2257 cum
725 2215 758 2259 66
786 2197 867 2258 scire
896 2214 976 2276 quae
1004 2194 1118 2258 fierent
1146 2194 1272 2257 denun-

203 2304 307 2385 tiaret,
332 2303 410 2364 alios
434 2302 628 2365 cohortando
652 2321 798 2385 magnam
815 2306 935 2384 partem
959 2300 1080 2364 Galliae
1107 2301 1142 2363 in
1166 2300 1271 2364 officio

176 2411 312 2475 atenuit.
359 2414 464 2472 tamen
490 2406 646 2489 SenoneS,
675 2428 756 2490 quae
780 2414 828 2471 est
851 2409 964 2470 civitas
987 2409 1155 2490 inprimis
1178 2406 1273 2470 firma

202 2522 232 2580 et
263 2535 397 2600 magnae
429 2517 513 2579 inter
546 2515 653 2578 Gallos
691 2516 897 2597 auctoritatis,
936 2513 1140 2596 Gavarinum,
1173 2535 1300 2596 querna

187 2622 317 2697 ¹Caesar
345 2623 430 2706 apud
459 2641 512 2685 eos
540 2640 648 2705 regem
676 2623 894 2702 constituerat,
927 2622 1022 2685 cuius
1049 2622 1145 2684 frater
1172 2621 1285 2694 Mori,

204 2736 310 2814 tasgus
346 2731 485 2792 adventu
519 2730 553 2791 iu
590 2728 726 2792 Galliam
764 2727 905 2792 Caesaris
942 2730 1098 2811 cuiusque
1132 2730 1271 2792 maiores

201 2857 336 2920 regumn
370 2837 584 2917 obtinuerant,
618 2835 797 2898 interficere
829 2835 956 2918 publico
990 2836 1121 2898 consilio
1155 2837 1270 2918 conati,

203 2964 276 3006 cum
300 2944 354 3006 ille
377 2943 603 3026 praesensisset
627 2961 663 3004 ac
686 2942 889 3025 profugisset,
917 2961 1021 3023 usque
1050 2942 1091 3004 ad
1112 2941 1194 3006 fines
1223 2943 1271 3004 in-

172 3052 303 3115 6660011
326 3068 424 3132 regno
449 3050 608 3130 domoque
632 3049 837 3132 expulerunt,
862 3055 893 3112 et
908 3051 1016 3112 missis
1040 3049 1079 3111 ad
1104 3048 1270 3113 Gaesarem
1284 3068 1311 3110 ro

203 3158 278 3219 satis
300 3157 439 3219 faciendi
455 3177 550 3220 causa
564 3157 690 3240 legatis,
714 3177 788 3219 cum
810 3157 838 3219 is
855 3175 982 3218 omnem
1006 3157 1046 3219 ad
1070 3176 1103 3220 66
1123 3161 1270 3219 senatum

175 3265 311 3327 ivenire
335 3265 491 3345 iussisset,
521 3265 603 3326 dicto
633 3264 799 3326 audientes
827 3283 893 3326 non
919 3264 1057 3326 fuerunt.
1107 3261 1174 3346 (ac)
1201 3268 1270 3325 tan-

293 3458 325 3509 12
345 3460 371 3510 61
390 3463 478 3522 caud
510 3461 518 3523 ll
551 3458 583 3510 17
604 3456 779 3524 explorantp
810 3457 818 3524 ll
852 3456 885 3510 20
898 3456 1014 3510 consiliis
1027 3455 1070 3522 “fl
1090 3455 1208 3509 conciliis
1226 3452 1243 3522 β
1261 3453 1269 3526 ll

202 3547 234 3599 21
255 3546 349 3599 Roscio
372 3546 452 3614 cada
471 3547 556 3601 roscio
575 3551 713 3616 quaestore
733 3566 763 3614 a,
782 3548 866 3601 roscio
885 3546 971 3616 legato
989 3553 1006 3613 β
1038 3550 1046 3614 ll
1079 3546 1113 3598 22
1133 3545 1269 3599 Gallorum

202 3636 251 3688 dcl.
271 3636 361 3702 Kruff.
403 3636 412 3702 ll
454 3636 487 3690 23
511 3638 677 3691 Aremoricae
701 3636 800 3703 Gliiala3
829 3637 973 3690 armoricae
991 3635 1022 3687 X
1059 3635 1068 3702 ll
1110 3635 1143 3687 24
1162 3634 1269 3688 milibus

201 3724 341 3791 Beroald3
360 3725 412 3777 mil
430 3733 459 3792 ,33
478 3726 578 3778 milium
600 3745 628 3792 a,
650 3725 723 3778 milia
741 3724 788 3777 M²
819 3727 827 3794 ll
860 3725 893 3778 25
913 3725 1011 3778 afuisse
1031 3742 1061 3789 a3
1081 3723 1163 3776 fuisse
1181 3730 1199 3789 β

290 3816 335 3868 54.
357 3816 380 3866 1.
401 3814 417 3866 2
436 3815 571 3880 uocatisd
603 3815 611 3878 ll
644 3813 823 3867 2613111106
844 3814 877 3877 S;
902 3814 995 3877 Vase.;
1014 3812 1079 3865 alias
1097 3812 1128 3864 X
1162 3813 1171 3880 ll
1208 3813 1269 3864 23

202 3919 262 3955 cum
282 3919 311 3955 se
334 3903 402 3957 scire
426 3919 492 3971 quae
516 3903 610 3955 fierent
633 3903 813 3970 denuntiaret,
837 3901 902 3954 alias
925 3902 1085 3954 cohortando
1109 3900 1183 3967 Ald.;
1208 3917 1269 3954 cum

202 4007 230 4043 se
250 3991 317 4044 scire
337 4008 404 4060 quae
423 3992 517 4044 fierent
535 3990 601 4043 alias
620 3992 780 4044 cohortando
799 3991 965 4044 denuntiaret
984 4009 1014 4056 u3
1033 4007 1094 4042 cum
1107 3990 1187 4044 sciret
1205 3990 1269 4044 defi-

202 4096 274 4149 cere,
298 4080 362 4134 alias
382 4081 540 4134 cohortando
558 4086 576 4146 β
596 4064 598 4068 ’
616 4080 624 4146 ll
666 4078 863 4148 3gallorumfl
904 4080 913 4147 ll
954 4080 1019 4133 llac
1037 4080 1198 4148 profugisset
1216 4097 1268 4132 om.

204 4169 258 4222 Sul
289 4171 297 4238 ll
331 4172 361 4221 11
383 4170 447 4223 satis
465 4169 622 4239 faciundip
654 4171 662 4233 ll
694 4169 725 4237 is]
744 4169 787 4221 his
801 4169 856 4238 χπί
887 4170 895 4238 ll
927 4170 960 4222 ad
979 4185 1007 4222 se
1025 4177 1160 4236 omnemss
1185 4171 1194 4234 ΙΙ
1227 4169 1268 4222 12.

203 4259 235 4310 13
256 4258 313 4327 <66>
333 4261 437 4312 tantum
455 4258 590 4326 Ditteab.;
609 4260 764 4326 tantumque
789 4258 866 4312 Vuae.
