2924 4808
236 265 275 327 10
394 344 404 363 ‚
633 281 738 336 anam
758 281 899 335 sanarer

179 449 214 504 15
233 444 364 508 Postero
389 444 440 508 die
464 449 566 506 castra
594 462 635 507 ex
664 464 701 509 eo
728 444 799 507 loco
828 450 964 508 movent.
1011 444 1098 508 idom
1126 445 1201 508 facit
1224 444 1327 510 Cae-1

234 571 285 615 sar
308 552 549 632 equitatumque
574 569 714 634 omnem,
739 551 973 614 adnumerum
998 557 1147 633 quattuor
1166 551 1300 633 milium,

234 677 329 740 quem
357 677 399 721 ex
427 659 515 720 omni
541 658 706 741 provincia
730 662 761 721 et
783 657 926 722 Haeduis
952 663 1047 740 atque
1071 676 1182 721 corum
1205 659 1301 722 sociis

233 769 378 828 coactum
403 764 550 845 habebat,
574 766 758 848 praemittit,
783 766 839 847 qui
861 765 1004 846 videant,
1034 784 1113 846 quas
1137 766 1172 827 in
1189 770 1300 848 partes

205 872 338 935 ahostes
366 873 427 935 iter
448 872 573 934 faciant.
621 873 676 963 qui
699 872 847 954 cupidius
870 873 1080 934 novissimum
1109 891 1224 955 agmen
1251 874 1327 938 ira-s

233 980 335 1042 secuti
369 979 473 1043 alieno
505 979 575 1042 loco
611 998 685 1042 cum
718 981 861 1060 equitatu
890 978 1112 1043 Helvetiorum
1143 980 1302 1062 proelium

207 1087 447 1165 scommittunt3
472 1092 503 1149 et
524 1086 619 1169 pauci
644 1087 682 1149 de
700 1088 818 1149 nostris
837 1087 962 1149 cadunt.
1001 1105 1064 1166 quo
1087 1086 1206 1168 proelio
1226 1087 1300 1150 sub-

135 1219 138 1222 ·
232 1192 289 1254 lati
308 1192 464 1275 Helvetii,
489 1194 575 1274 quod
599 1194 783 1276 quingentis
802 1193 965 1274 equitibus
984 1199 1104 1255 tantam
1122 1193 1300 1256 multitudi-

233 1319 308 1362 nem
333 1301 477 1380 equitum
502 1300 717 1383 propulerant,
744 1301 896 1364 audacius
920 1300 1092 1364 subsistere
1117 1321 1181 1364 non
1206 1320 1301 1363 num-

234 1427 329 1489 quam
359 1412 390 1470 et
412 1407 586 1470 novissimo
610 1409 736 1490 agmine
760 1407 880 1491 proelio
904 1413 1028 1470 nostros
1051 1408 1206 1471 lacessere
1230 1426 1301 1471 coe·
1316 1433 1342 1474 10

206 1520 357 1597 eperunt.
393 1512 508 1577 Caesar
530 1534 605 1577 suos
629 1535 647 1576 a
665 1515 786 1597 proelio
811 1514 994 1578 continebat
1017 1534 1053 1577 ac
1072 1516 1147 1577 satis
1166 1512 1302 1577 habebat

233 1622 268 1682 in
292 1622 471 1705 praesentia
493 1621 617 1683 hostem
643 1623 764 1704 rapinis
797 1620 1092 1704 [pabulationibus]
1125 1622 1301 1703 populatio-

206 1727 393 1809 snibusque
430 1727 605 1811 prohibere.
661 1729 706 1790 ita
744 1728 810 1790 dies
848 1729 973 1791 circiter
996 1728 1075 1791 XV
1117 1729 1179 1791 iter
1219 1727 1301 1790 fece-

233 1840 321 1916 runt,
353 1836 402 1898 uti
432 1836 516 1897 inter
542 1836 752 1898 novissimum
783 1836 924 1898 hostium
957 1855 1071 1919 agmen
1100 1841 1131 1899 et
1158 1840 1302 1897 nostrum

233 1942 375 2025 primum
403 1961 468 2004 non
496 1941 632 2024 amplius
660 1942 767 2023 quinis
795 1948 850 2005 aut
878 1942 963 2004 senis
991 1942 1121 2005 milibus
1149 1962 1302 2024 passuum
1317 1968 1342 2008 15

233 2049 409 2112 interesset.

179 2167 216 2221 16
321 2156 455 2218 Interim
488 2155 602 2219 cotidie
636 2155 751 2227 Caesar
781 2155 935 2220 Haeduos
969 2157 1177 2238 frumentum,
1215 2154 1328 2237 quodr

206 2269 340 2327 cessent
373 2263 500 2346 publice
534 2262 679 2345 polliciti,
720 2262 871 2346 flagitare.
923 2283 998 2326 nam
1030 2270 1157 2346 propter
1183 2263 1303 2345 frigora

235 2371 333 2456 [quod
350 2370 453 2433 Gallia
471 2369 531 2432 sub
556 2370 839 2452 septentrionibus,
863 2376 899 2433 ut
922 2377 993 2433 ante
1017 2370 1219 2451 dictumest,
1246 2388 1301 2452 po-

234 2479 295 2542 sita
318 2476 390 2560 est,]
415 2496 480 2539 non
500 2479 595 2539 modo
618 2477 777 2540 frumenta
799 2479 834 2539 in
858 2478 943 2559 agris
965 2483 1091 2539 matura
1113 2496 1178 2539 non
1203 2482 1301 2557 erant,

206 2584 290 2648 ased
317 2603 358 2647 ne
386 2583 497 2666 pabuli
522 2584 651 2666 quidem
674 2585 749 2646 satis
771 2603 888 2666 magna
916 2584 1007 2665 copia
1030 2583 1229 2666 suppetebat,
1264 2602 1328 2648 eoa

235 2697 341 2754 autem
364 2691 538 2770 frumento,
567 2690 653 2771 quod
672 2689 805 2753 flumine
825 2690 921 2752 Arari
944 2689 1080 2752 navibus
1102 2690 1301 2770 subvexerat,

234 2804 399 2881 propterea
422 2798 470 2859 uti
492 2798 599 2860 minus
622 2802 756 2880 poterat,
781 2797 866 2877 quod
890 2798 951 2860 iter
979 2797 1017 2860 ab
1042 2797 1136 2859 Arari
1160 2796 1301 2860 Helvetii

207 2909 425 2986 reverterant,
450 2925 469 2965 a
493 2903 608 2984 quibus
632 2903 794 2966 discedere
816 2903 952 2967 nolebat.
994 2904 1080 2967 diem
1104 2922 1145 2966 ex
1169 2905 1219 2966 die
1244 2903 1302 2965 du-

207 3030 306 3074 acere
331 3009 470 3074 Haedui:
496 3010 645 3091 conferri,
668 3011 869 3092 comportari,
894 3011 1003 3074 adesse
1028 3011 1140 3074 dicere.
1187 3011 1244 3072 ubi
1268 3028 1301 3073 se

235 3118 355 3180 diutius
376 3117 450 3181 duci
467 3118 627 3180 intellexit
645 3123 676 3180 et
695 3117 778 3179 diem
796 3118 927 3198 instare,
952 3137 1015 3199 quo
1035 3118 1086 3180 die
1105 3118 1302 3179 trumentum
1317 3142 1343 3183 ro

234 3224 389 3286 militibus
412 3225 518 3287 metiri
546 3230 714 3306 oporteret,
743 3225 925 3286 convocatis
954 3242 1065 3286 eorum
1093 3223 1301 3307 principibus,

235 3351 372 3414 quorum
396 3351 543 3414 magnam
566 3332 690 3413 copiam
712 3331 745 3392 in
770 3331 881 3394 castris
904 3329 1053 3411 habebat,
1081 3332 1116 3392 in
1139 3331 1189 3393 his
1212 3330 1302 3393 Divi-

235 3440 321 3501 ciaco
351 3445 382 3501 et
408 3438 513 3519 Lisco,
547 3438 604 3519 qui
636 3457 760 3500 summo
788 3437 987 3520 magistratui
1016 3442 1172 3520 praeerat,
1207 3457 1303 3518 quem

234 3545 459 3628 vergobretum
492 3544 651 3627 appellant
681 3543 823 3624 Haedui,
861 3545 918 3624 qui
951 3549 1076 3607 creatur
1108 3563 1235 3606 annuus
1272 3552 1304 3606 et

235 3653 318 3715 vitae
341 3653 492 3732 necisque
514 3651 548 3711 in
572 3670 646 3712 suos
670 3650 764 3714 habet
787 3655 985 3733 potestatem,
1013 3652 1152 3734 graviter
1176 3669 1229 3713 eos
1253 3670 1302 3712 ac·
1318 3676 1343 3716 15

208 3742 338 3841 censat,
363 3757 461 3839 quod,
485 3777 559 3819 eum
581 3776 686 3838 neque
710 3759 774 3820 emi
797 3777 901 3839 neque
921 3777 963 3821 ex
984 3758 1067 3840 agris
1091 3758 1176 3819 sumi
1195 3759 1302 3840 possit,

324 3953 368 4008 15.
389 3951 661 4020 llaproeliosuosrr
693 3951 701 4022 lt
735 3952 768 4003 12
782 3950 993 4019 pabulationibus
1003 3951 1052 4003 del.
1063 3950 1126 4004 Αἶά.
1154 3949 1162 4021 ll
1197 3952 1303 4004 1411111

324 4044 369 4097 16.
384 4043 432 4096 3.4
445 4042 514 4110 quod
525 4040 610 4094 Gallia
621 4081 715 4094 ......
727 4041 812 4108 posita
821 4043 862 4092 est
874 4040 923 4092 del.
936 4039 1055 4093 Schulter
1069 4038 1076 4109 ll
1092 4041 1108 4092 b'
1123 4045 1148 4091 ct
1163 4041 1177 4091 7
1192 4040 1259 4092 arari
1272 4057 1302 4106 a3

235 4148 308 4184 arare
326 4130 357 4183 X
390 4129 398 4201 ll
437 4132 469 4183 13
489 4132 609 4198 praeerat
626 4129 777 4195 Nicasius3
802 4131 941 4196 praeerant
959 4128 989 4179 X
1027 4126 1035 4198 l
1078 4129 1110 4182 16
1130 4129 1214 4195 possit
1232 4128 1302 4194 HM3

235 4222 325 4287 posset
343 4220 382 4287 X,
406 4220 489 4288 possit
508 4221 671 4272 frumentum
690 4218 716 4270 D
