2924 4808
250 271 293 333 48
410 252 414 264 '
601 284 757 339 saum
775 284 918 339 cinnor

250 448 372 529 quitus,
395 466 467 510 curn
492 449 636 530 equitatu
659 447 741 510 nihil
760 453 947 530 possent-
963 466 1069 530 neque
1093 448 1180 510 enim
1203 447 1321 511 adhoc

251 560 375 638 tempus
399 557 427 618 ei
451 556 498 619 rei
521 554 663 636 student,
692 554 748 618 sed
772 556 927 637 quicquid
950 560 1096 638 possunt,
1120 554 1321 637 pedestribus
1335 579 1362 622 rs

250 663 358 726 valent
369 662 468 746 copiis
480 700 535 744 -,
551 681 615 743 quo
631 661 755 725 facilius
770 660 979 725 finitimorum
996 663 1182 744 equitatum,
1192 663 1220 725 si
1231 680 1331 744 prae·

250 769 348 832 dandi
363 789 459 833 causa
475 770 516 832 ad
532 788 585 833 eos
601 770 774 849 venissent,
789 770 993 852 impedirent,
1016 770 1136 833 teneris
1152 769 1322 833 arboribus

250 876 362 940 incisis
385 881 480 957 atque
495 875 626 939 inflexis
642 876 825 957 crebrisque
840 877 875 938 in
889 875 1091 939 latitudinem
1105 877 1203 938 ramis
1219 877 1322 939 enatis

249 989 281 1047 et
303 984 392 1046 rubis
416 982 623 1067 sentibusque
646 983 821 1046 interiectis
844 981 1026 1064 effecerant,
1054 987 1091 1046 ut
1113 983 1214 1045 instar
1235 984 1321 1046 muri

248 1090 309 1154 hae
325 1108 434 1173 saepes
449 1078 687 1153 munimentum
701 1089 898 1173 praeberent,
919 1109 982 1171 quo
999 1108 1063 1152 non
1078 1090 1174 1153 modo
1189 1109 1257 1153 non
1272 1091 1321 1153 in·
1335 1112 1363 1155 ao

222 1197 339 1279 atrari,
364 1196 419 1260 sed
441 1214 483 1259 ne
506 1197 643 1279 perspici
668 1196 798 1279 quidem
817 1201 930 1278 posset.
976 1196 1026 1259 his
1044 1196 1142 1259 rebus
1163 1216 1238 1260 curn
1260 1197 1322 1260 iter

251 1305 386 1387 agminis
413 1304 516 1367 nostri
543 1303 766 1387 impediretur,
793 1322 859 1366 non
888 1303 1099 1367 omittendum
1127 1303 1189 1367 sibi
1217 1305 1322 1367 consi·
1358 1319 1361 1323 ·

196 1424 231 1478 18
249 1411 330 1473 lium
353 1409 466 1473 Nervii
484 1411 756 1474 existimaverunt.
801 1410 879 1474 Loci
896 1416 1010 1473 natura
1026 1416 1094 1474 erat
1108 1403 1199 1493 haec,
1225 1430 1348 1493 quemi

249 1517 357 1580 locum
380 1517 481 1580 nostri
504 1518 614 1580 castris
638 1517 827 1600 delegerant.
874 1517 963 1581 collis
992 1519 1030 1582 ab
1051 1537 1180 1581 summo
1204 1535 1321 1598 aequa-

249 1624 321 1686 liter
345 1623 475 1687 declivis
499 1624 539 1686 ad
562 1624 683 1688 flumen
704 1623 825 1708 Sabim,
850 1625 937 1706 quod
957 1644 1054 1707 supra
1076 1626 1321 1707 nominavimus,

222 1731 409 1814 avergebat.
456 1732 495 1795 ab
524 1750 560 1794 eo
588 1729 721 1794 flumine
747 1732 817 1814 pari
846 1732 1025 1795 acclivitate
1053 1731 1144 1795 collis
1169 1730 1320 1812 nasceba-

249 1842 302 1900 tur
334 1838 488 1903 adversus
520 1839 596 1901 huic
628 1844 660 1901 et
687 1839 877 1918 contrarius,
909 1857 1021 1921 passus
1049 1839 1175 1902 circiter
1198 1836 1247 1902 OC
1270 1840 1348 1902 in-s

249 1944 345 2008 fimus
369 1952 509 2028 apertae,
533 1945 571 2008 ab
596 1946 760 2029 superiore
776 1952 864 2028 parte
888 1945 1056 2027 silvestris,
1079 1950 1203 2007 utnon
1226 1944 1321 2008 facile

223 2053 407 2114 sintrorsus
434 2053 571 2134 perspici
598 2057 710 2135 posset.
757 2054 842 2115 intra
870 2071 923 2115 eas
951 2052 1048 2115 silvas
1075 2051 1181 2114 hostes
1208 2052 1243 2113 in
1268 2070 1321 2114 oo-

250 2158 335 2221 culto
364 2177 432 2222 sese
460 2159 678 2238 continebant3
708 2159 745 2222 in
768 2164 876 2242 aperto
899 2160 969 2222 loco
998 2159 1175 2221 secundum
1197 2157 1321 2222 flumen

249 2286 370 2349 paucae
398 2267 550 2329 stationes
578 2267 723 2346 equitum
747 2266 945 2329 videbantur.
991 2264 1134 2328 fluminis
1161 2271 1228 2329 erat
1250 2265 1321 2328 alti·

196 2384 232 2438 19
250 2373 327 2435 tudo
360 2372 479 2456 pedum
507 2374 632 2437 circiter
664 2374 769 2435 trium.
817 2372 932 2436 Caesar
969 2374 1114 2456 equitatu
1146 2374 1347 2455 praemissor

249 2480 503 2562 subsequebatur
526 2479 675 2542 omnibus
698 2472 813 2563 copiis,
838 2479 892 2542 sed
915 2480 997 2543 ratio
1019 2478 1160 2561 ordoque
1184 2481 1321 2562 agminis

222 2587 341 2650 naliter
369 2606 403 2650 se
430 2586 568 2651 habebat
592 2606 627 2649 ac
650 2587 768 2669 Belgae
793 2586 833 2648 ad
848 2586 986 2651 Nervios
1009 2586 1197 2649 detulerant.
1242 2605 1320 2649 narn

251 2694 336 2776 quod
363 2694 509 2758 hostibus
537 2693 824 2777 adpropinquabat,
855 2693 1089 2756 consuetudine
1117 2712 1175 2756 sua
1203 2692 1321 2756 Caesar

221 2801 297 2864 sVI
320 2800 461 2884 legiones
489 2800 654 2884 expeditas
683 2800 832 2880 ducebat3
861 2793 933 2883 post
956 2819 1009 2863 eas
1035 2801 1134 2863 totius
1157 2800 1348 2864 exercituss

248 2908 475 2990 impedimenta
490 2908 683 2987 conlocaret,
708 2908 783 2971 inde
800 2907 881 2971 duae
899 2908 1050 2992 legiones,
1074 2925 1156 2989 quae
1172 2907 1319 2990 proxime
1370 2922 1374 2929 '

249 3015 447 3096 conscriptae
475 3020 578 3098 erant,
608 3019 710 3077 totum
738 3035 853 3098 agmen
880 3014 1073 3078 claudebant
1095 3007 1320 3096 praesidioque

222 3120 483 3202 oimpedimentis
507 3126 605 3184 erant.
651 3123 775 3204 equites
802 3123 902 3185 nostri
931 3140 1004 3184 cum
1031 3120 1246 3183 funditoribus
1269 3138 1320 3183 sa·

249 3228 448 3310 gittariisque
470 3226 591 3292 flumen
614 3231 803 3312 transgressi
818 3249 893 3293 curn
910 3229 1051 3291 bostium
1066 3227 1212 3309 equitatu
1226 3245 1320 3310 proe-

268 3438 272 3445 '
339 3458 373 3508 14
391 3472 453 3510 aum
471 3456 545 3525 aaa
569 3475 621 3511 om.
642 3477 659 3509 a
696 3457 704 3525 1
743 3458 774 3510 11
794 3457 914 3511 uenisset
930 3457 993 3512 Ara.
1031 3457 1040 3526 1
1077 3455 1111 3510 rs
1129 3455 1237 3529 annana
1259 3472 1319 3529 aa

250 3545 356 3614 brisque
375 3544 448 3614 B²pt3
477 3563 530 3600 om.
550 3566 568 3598 α
599 3547 608 3615 11
640 3546 725 3599 enatis
745 3564 774 3613 ας
794 3553 883 3613 onalt
914 3546 923 3615 11
954 3546 989 3601 20
1001 3546 1199 3600 munimentum
1210 3552 1240 3613 βς
1259 3560 1319 3600 mu·

248 3634 374 3688 nimentis
393 3635 430 3687 cb
466 3636 474 3704 11
516 3649 568 3703 quo
588 3652 634 3704 αρ;
662 3635 773 3704 quoda
813 3636 822 3703 11
863 3634 905 3689 20.
925 3635 957 3688 21
977 3650 1030 3688 non
1048 3634 1141 3688 intrari
1158 3634 1206 3702 X3'
1224 3634 1320 3689 intrari

249 3723 309 3788 o²l²,
329 3724 403 3779 edi
435 3725 443 3794 11
476 3723 508 3777 21
529 3726 620 3792 posset
637 3723 712 3791 Bm,
731 3723 815 3792 possit
834 3742 851 3774 α
882 3726 892 3791 11
924 3723 958 3776 22
970 3722 1023 3776 sibi
1033 3722 1100 3792 B²ss3
1119 3722 1172 3778 om}
1192 3743 1209 3775 α
1241 3723 1251 3792 1
1283 3714 1325 3779 23

250 3814 448 3868 extimaueruut
466 3832 483 3866 α
1026 3814 1030 3863 .“
1318 3816 1321 3821 “

338 3920 590 3976 18.4decliuitate
608 3919 672 3987 Bm
707 3921 717 3984 11
753 3919 1085 3988 6abu;a(A¹?)B¹fl
1121 3922 1129 3991 11
1166 3919 1319 3996 7111101ρὶ11

249 4009 412 4065 *eruatur
443 4009 452 4077 1
483 4013 573 4078 posset
594 4008 739 4076 omnm
759 4008 844 4077 possa
863 4029 879 4061 a
912 4010 921 4076 1
954 4010 988 4064 10
1006 4010 1111 4063 ciuitas
1128 4010 1263 4083 perump
1328 3992 1331 4003 '

340 4118 384 4172 19.
404 4119 422 4169 4
440 4117 511 4185 quod
528 4115 648 4170 hostibus
666 4115 758 4185 Frage
777 4117 846 4185 quod
865 4116 949 4171 hostis
968 4134 996 4183 ας
1016 4117 1102 4185 quoad
1118 4115 1204 4171 hostis
1215 4114 1327 4186 (hostes

250 4206 322 4273 a¹b·)
340 4204 403 4273 B²p
