2924 4808
446 297 553 351 LIBER
571 296 634 351 IIII.
654 295 730 350 ΟΑΡ.
750 297 858 350 el-v.
879 297 954 352 CAP.
975 301 998 351 1.
1214 284 1253 346 97

188 463 309 525 auxilio
342 461 437 548 misit.
488 461 617 524 interim
649 461 749 523 nostri
781 460 897 524 milites
931 462 1083 544 impetum
1116 461 1284 541 hostiunra

149 593 175 635 ιο
188 571 411 651 sustinuerunt
434 573 528 650 atque
553 566 689 650 amplius
712 567 799 631 boris
822 567 888 630 ΙΙΠ
907 567 1076 631 fortissime
1093 588 1256 651 pugnare-

187 682 264 739 runt
286 681 318 738 et
341 676 451 758 paucis
475 674 662 736 vulneribus
687 676 823 757 acceptis
847 675 1026 757 complures
1051 694 1093 738 ex
1108 676 1157 738 his
1174 678 1256 738 occi·

188 783 313 847 derunt.
355 786 465 864 postea
488 800 563 844 vero
581 800 676 861 quam
693 782 853 862 equitatus
869 787 976 845 noster
999 783 1032 844 in
1049 788 1284 864 conspectumr

188 891 289 970 venit,
322 889 427 952 hostes
460 887 591 950 abiectis
619 889 715 951 armis
748 892 836 970 terga
863 894 1027 952 verterunt
1056 908 1255 971 magnusque

161 1016 301 1061 reorum
324 1014 478 1058 numerus
502 998 550 1057 est
573 996 704 1058 occisus
753 995 868 1058 Caesar
887 1002 1012 1078 postero
1029 995 1080 1060 die
1096 997 1127 1058 T.
1144 995 1256 1059 Labie·
1273 1013 1311 1069 38

188 1124 267 1166 num
291 1103 433 1186 legatum
462 1120 535 1165 cum
558 1103 597 1165 iis
620 1101 813 1185 legionibus,
843 1122 921 1183 quas
945 1113 991 1165 'ex
1014 1102 1181 1166 Britannia
1208 1124 1257 1167 re-

190 1211 340 1291 duxerat,
363 1211 398 1271 in
413 1209 569 1291 Morinos,
595 1211 650 1289 qui
666 1207 873 1272 rebellionem
889 1210 1044 1290 fecerant,
1066 1211 1160 1273 misit.
1201 1211 1284 1291 quia

190 1337 263 1381 cum
291 1321 420 1400 propter
453 1317 610 1379 siccitates
643 1316 795 1398 paludum
830 1335 893 1398 quo
922 1336 955 1380 se
983 1317 1162 1399 reciperent
1192 1337 1257 1380 non

161 1424 355 1504 aha-herent,
380 1441 444 1503 quo
468 1423 612 1506 perfugio
638 1424 799 1505 superiore
827 1442 910 1484 anno
940 1428 1029 1486 erant
1056 1425 1119 1506 usi,
1149 1444 1258 1488 omnes

189 1532 255 1595 fere
279 1532 318 1593 in
346 1535 534 1612 potestatem
563 1528 694 1593 Labieni
725 1536 889 1593 venerunt.
942 1536 974 1593 at
1002 1527 1037 1604 Q.
1060 1530 1199 1594 Titurius
1228 1537 1286 1597 eta

189 1639 222 1702 L.
248 1636 341 1701 Cotta
363 1638 473 1720 legati,
497 1639 553 1718 qui
576 1639 611 1699 in
635 1622 856 1719 Menapiorum
882 1637 964 1700 fines
989 1638 1129 1721 legiones
1159 1639 1259 1702 duxe-

190 1751 275 1825 rant,
309 1743 459 1808 omnibus
491 1763 601 1807 eorum
630 1746 713 1827 agris
746 1745 889 1825 vastatis,
922 1743 1089 1808 frumentis
1118 1747 1259 1825 succisis,

192 1851 345 1916 aedificiis
368 1852 521 1932 incensis,
546 1850 630 1934 quod
654 1849 793 1934 Menapii
818 1870 851 1914 se
876 1870 985 1914 omnes
1001 1852 1036 1912 in
1055 1851 1258 1915 densissimas

153 1978 178 2020 ιο
192 1960 288 2023 silvas
312 1957 512 2039 abdiderant,
537 1977 570 2020 se
594 1958 634 2020 ad
658 1956 825 2021 Caesarem
844 1963 1040 2040 receperunt.
1088 1958 1202 2022 Caesar
1225 1960 1286 2024 ina

192 2066 301 2149 Belgis
335 2066 477 2128 omniurn
509 2065 672 2147 legionum
707 2063 841 2127 hiberna
879 2066 1049 2127 constituit.
1106 2085 1143 2128 eo
1177 2065 1258 2129 duae

192 2175 323 2235 omnino
348 2173 491 2235 civitates
515 2191 557 2235 ex
580 2170 746 2234 Britannia
770 2171 896 2234 obsides
919 2173 1088 2253 miserunt,
1116 2174 1259 2255 reliquae

192 2280 413 2363 neglexerunt.
460 2279 509 2341 his
533 2277 629 2342 rebus
652 2280 749 2361 gestis
773 2297 814 2341 ex
837 2279 952 2341 litteris
969 2277 1110 2342 Caesaris
1135 2280 1288 2344 dierurna

193 2385 262 2449 XX
285 2386 472 2469 supplicatio
497 2407 515 2448 a
539 2391 652 2449 senatu
676 2386 803 2448 decreta
826 2391 881 2448 est.

514 2703 550 2768 C.
574 2703 693 2769 IULII
718 2703 940 2781 CAESARIS

476 2849 667 2922 BELLI
705 2848 975 2924 GALLIOI

584 3007 691 3060 niara
710 3007 874 3073 quimus.

172 3205 184 3246 r
284 3187 319 3251 L.
343 3187 497 3268 Domitio,
521 3187 581 3270 Ap.
599 3187 732 3250 Claudio
757 3187 943 3250 consulibus
960 3188 1127 3251 discedens
1151 3187 1190 3250 ab
1213 3188 1298 3254 lii-1

197 3293 306 3359 bernis
330 3293 446 3358 Caesar
472 3295 507 3356 in
530 3293 669 3376 Italiam,
696 3299 734 3356 ut
758 3296 930 3377 quotannis
956 3294 1059 3358 facere
1088 3301 1264 3376 consuerat,

198 3401 309 3484 legatis
340 3402 487 3484 imperat,
520 3421 600 3482 quos
633 3401 816 3484 legionibus
848 3401 1053 3484 praefecerat,
1086 3403 1135 3465 uti
1169 3423 1265 3485 quam

287 3595 304 3650 9
322 3595 394 3648 misit
412 3595 510 3648 auxilio
528 3603 545 3662 β
576 3600 585 3663 ll
618 3597 649 3647 11
669 3595 702 3647 iis
722 3595 792 3662 Hirr,
811 3595 834 3648 is
853 3594 891 3647 Ba

286 3684 332 3740 aa.
352 3685 369 3738 2
388 3684 420 3737 us
439 3702 472 3755 q,
492 3684 533 3737 us
547 3703 580 3754 χ;
599 3701 651 3736 om.
671 3677 688 3750 β
719 3669 730 3753 l
760 3685 776 3738 3
797 3684 848 3749 out
861 3703 891 3751 a3
911 3685 973 3752 nte
998 3687 1007 3754 ιι
1033 3685 1209 3739 tsiccitalem
1221 3693 1238 3752 μ
1257 3685 1265 3757 q

199 3775 215 3827 5
234 3774 353 3844 pertuglo
372 3774 507 3843 superiore
526 3790 594 3827 anno
613 3776 689 3827 erant
707 3774 750 3826 usi
768 3780 796 3840 β;
816 3774 951 3842 superiore
969 3791 1036 3828 anno
1054 3775 1205 3843 perfuerunt
1223 3776 1265 3828 usi

200 3883 216 3914 α
248 3864 257 3930 l
289 3865 313 3916 5.
334 3864 350 3917 6
369 3879 462 3917 omnes
480 3864 535 3916 fere
554 3870 643 3930 ocari
674 3864 682 3931 ll
714 3864 882 3917 bucnerunt
899 3870 927 3931 β;
946 3866 1127 3932 peruenerunt
1140 3883 1157 3914 o
1189 3869 1197 3931 ll
1230 3867 1265 3917 At

199 3968 223 4020 q.
242 3952 273 4019 123
292 3954 380 4022 Atque
393 3953 467 4022 χδας
487 3955 514 4006 at
532 3954 583 4021 que
602 3951 672 4003 ΒΜι
704 3953 712 4020 ll
745 3952 993 4020 daedificiisquefl
1025 3954 1034 4021 ΙΙ
1068 3953 1101 4007 10
1119 3954 1152 4005 ad
1172 3969 1264 4006 caesa-

200 4056 254 4094 rem
274 4049 338 4109 sept

288 4133 315 4185 1.
336 4131 350 4183 l
370 4131 452 4185 Lucio
469 4138 498 4198 βς
517 4148 569 4185 om.
590 4151 607 4182 c
639 4132 648 4198 ll
680 4135 720 4200 ap.
735 4149 765 4197 a,
784 4131 894 4200 appion
926 4131 934 4198 11
972 4131 1141 4185 2consue1at
1164 4129 1269 4199 aaurf

200 4222 373 4274 consueuerat
393 4220 425 4287 S;
445 4219 595 4274 instituerat
614 4220 660 4290 ρειι

244 4324 323 4368 Caesar
336 4325 353 4370 l.
369 4326 403 4370 ed.
418 4326 509 4369 Mensel.
1090 4330 1105 4380 7
