2924 4808
522 248 630 301 LIBER
648 247 694 301 VI.
715 248 791 302 CAP.
812 249 934 302 ‘29—32.
1198 235 1259 296 151

193 412 347 474 silvarum
371 430 408 474 ac
430 410 600 474 fluminum
624 416 737 494 petunt
759 412 1027 495 propinquitates
1057 414 1188 476 comites
1216 413 1261 475 fa-

151 541 180 582 15
193 519 399 599 miliarcsque
423 519 493 580 eius
509 524 643 601 angusto
664 519 698 579 in
714 518 784 581 loco
800 519 960 601 paulisper
977 521 1122 600 equitum
1139 524 1262 582 nostro-

193 645 265 688 rum
289 626 357 688 vim
380 626 608 689 sustinuerunt.
655 626 705 688 his
728 625 946 708 pugnantibus
969 626 1061 688 illum
1083 628 1120 688 iu
1142 645 1290 707 equumr

195 733 326 814 quidam
349 751 391 796 ex
414 733 480 795 suis
504 733 626 812 intulit,
650 732 825 815 fugientem
840 733 939 796 silvae
959 737 1116 796 texerunt.
1163 735 1208 796 sic
1233 740 1263 797 et

195 839 235 901 ad
258 838 463 902 subeundum
486 838 665 921 periculum
689 844 720 901 et
743 839 782 901 ad
801 839 967 902 vitandum
983 839 1120 902 multum
1135 840 1263 903 fortuna

168 946 304 1009 ivaluit.
350 945 521 1008 Ambiorix
545 947 650 1028 copias
678 965 752 1008 suas
779 945 941 1008 iudicione
969 965 1034 1008 non
1063 947 1262 1028 conduxerit,
1280 961 1315 1016 31

197 1053 282 1134 quod
316 1052 436 1136 proelio
470 1053 689 1115 dimicandum
721 1071 786 1115 non
816 1053 1023 1136 existimaret,
1052 1073 1094 1116 an
1121 1057 1263 1136 tempore

196 1160 346 1223 exclusus
376 1164 407 1222 et
429 1161 596 1242 repentino
626 1161 770 1241 equitum
798 1159 938 1223 adventu
969 1159 1160 1242 prohibitus,
1190 1180 1264 1223 cum

195 1267 358 1348 reliquum
381 1268 557 1330 exercitum
585 1266 739 1348 subsequi
767 1265 921 1352 crederet,
950 1266 1084 1329 dubium
1118 1274 1177 1347 est,
1207 1267 1290 1331 seda

170 1379 280 1437 auerte
306 1373 443 1436 dimissis
467 1393 528 1456 per.
547 1393 639 1456 agros
666 1374 789 1436 nuntiis
817 1373 879 1436 sibi
908 1393 1067 1455 quemque
1097 1374 1263 1437 consulere

196 1482 296 1545 iussit.
345 1500 482 1563 quorum
505 1501 577 1563 pars
600 1482 635 1543 in
659 1481 868 1544 Arduennam
892 1481 1018 1561 silvam,
1042 1501 1115 1564 pars
1138 1482 1173 1543 in
1189 1500 1264 1544 con-

197 1589 333 1651 tinentes
365 1587 497 1670 paludes
529 1587 680 1670 profugit;
716 1588 772 1668 qui
804 1588 942 1670 proximi
971 1586 1097 1651 Oceano
1126 1588 1291 1669 fuerunt,3

196 1695 230 1756 hi
257 1694 373 1758 insuiis
401 1713 469 1758 sese
499 1695 754 1775 occultaverunt,
788 1713 867 1775 quas
901 1700 1006 1757 aestus
1035 1693 1160 1758 efficere
1189 1714 1264 1757 con-

197 1807 344 1881 1111111
370 1801 463 1863 multi
487 1819 529 1864 ex
552 1803 618 1864 suis
645 1800 767 1864 finibus
796 1801 915 1883 egressi
943 1821 976 1864 se
1005 1820 1127 1882 suaque
1157 1802 1292 1866 omniar

161 1928 185 1970 10
197 1909 400 1972 alienissimis
424 1908 635 1972 crediderunt.
683 1906 886 1988 Catuvolcus,
910 1927 969 1971 rex
992 1907 1143 1971 dimidiae
1167 1909 1292 1991 partise

197 2015 399 2095 Eburonum,
433 2016 489 2097 qui
519 2034 583 2077 una
616 2033 688 2077 cum
716 2013 902 2098 Ambiorige
939 2016 1110 2078 consilium
1142 2016 1264 2097 inierat,

198 2127 297 2186 aetate
320 2123 384 2184 iam
409 2122 583 2204 confectae,
612 2141 686 2184 cum
713 2121 855 2185 laborem
878 2122 954 2184 belli
982 2127 1036 2185 aut
1063 2122 1156 2205 fugae
1183 2123 1266 2185 ferre

197 2249 261 2292 non
284 2234 402 2312 posset,
428 2229 576 2291 omnibus
598 2229 745 2311 precibus
765 2228 937 2291 detestatus
953 2227 1186 2311 Ambiorigem,
1211 2230 1266 2310 qui

198 2337 266 2399 eius
290 2335 417 2399 consilii
442 2340 552 2398 auctor
574 2335 698 2416 fuisset,
723 2341 811 2417 taxo,
841 2337 933 2398 cuius
961 2355 1076 2418 magna
1103 2336 1137 2397 in
1163 2335 1267 2398 Gallia

164 2459 186 2501 15
200 2442 432 2524 Germaniaque
456 2444 545 2526 copia
569 2449 629 2523 est,
653 2462 686 2506 se
713 2443 917 2506 exanimavit.

176 2566 187 2607 1
288 2549 385 2633 Segni
413 2546 649 2631 Condrusique,
678 2568 719 2612 ex
746 2555 840 2632 gente
870 2554 901 2612 ct
928 2568 1062 2612 numero
1093 2549 1266 2612 Germano·
1283 2563 1321 2618 32

199 2677 282 2739 rum,
316 2658 372 2738 qui
404 2662 479 2719 sunt
505 2658 589 2720 inter
616 2655 785 2719 Eburones
816 2657 1046 2738 Treverosque,
1079 2657 1197 2738 legatos
1227 2655 1267 2718 ad

201 2763 366 2828 Caesarem
397 2765 555 2826 miserunt
587 2769 724 2845 oratum,
757 2782 798 2826 ne
832 2782 866 2826 se
894 2764 929 2824 iu
957 2763 1097 2826 hostium
1133 2781 1266 2826 numero

201 2870 329 2935 duceret
367 2889 448 2933 neve
486 2871 630 2932 omnium
671 2870 915 2951 Germanorum,
954 2871 1009 2951 qui
1046 2876 1151 2933 essent
1188 2870 1268 2932 citra

177 2977 359 3059 iuuenum,
382 2997 480 3040 unam
504 2995 572 3040 csse
596 2996 725 3040 causam
747 2977 917 3039 iudicaret:
947 2977 1027 3038 nihil
1056 2996 1089 3040 se
1119 2976 1158 3039 de
1182 2975 1266 3038 bello

202 3085 402 3167 cogitavisse,
426 3085 515 3146 nulla
537 3084 717 3167 Ambiorigi
746 3084 867 3147 auxilia
894 3084 1027 3146 misisse.
1076 3081 1188 3146 Caesar
1212 3101 1294 3148 eir-2

201 3191 321 3272 plorata
343 3211 377 3254 re
402 3192 588 3271 quaestione
604 3192 816 3273 captivorum,
840 3192 867 3253 si
891 3192 947 3271 qui
970 3190 1010 3252 ad
1030 3209 1084 3253 eos
1100 3190 1268 3254 Eburones

202 3316 241 3360 ex
263 3299 339 3381 fuga
367 3299 604 3379 convenissent,
633 3298 673 3360 ad
701 3317 734 3361 se
763 3302 799 3360 11
826 3298 1055 3362 reducerentur
1082 3299 1265 3381 imperavit3

290 3548 324 3599 14
342 3549 421 3615 atque
441 3565 462 3616 φ
500 3549 509 3612 {l
546 3549 577 3599 17
598 3545 688 3599 1111111
708 3564 737 3613 sq
759 3545 900 3612 impulitft
936 3547 944 3615 A
983 3545 1015 3599 18
1036 3545 1151 3598 multum
1171 3564 1200 3612 sq
1224 3548 1266 3598 tu-

202 3636 349 3703 multumfl

287 3726 334 3782 31.
355 3725 370 3777 2
389 3724 553 3778 existimaret
572 3725 609 3791 D3
633 3725 718 3791 Paul,
743 3724 901 3776 existimarit
923 3723 954 3776 X
987 3726 995 3793 A
1032 3725 1048 3776 3
1072 3725 1205 3792 equitatus
1223 3729 1240 3788 β
1259 3719 1268 3792 A

203 3815 281 3883 iqui
299 3814 362 3867 hinc
380 3814 530 3882 proximip
570 3815 579 3883 A
620 3813 731 3879 Shisp
772 3813 780 3881 [t
822 3812 915 3866 insulis
935 3811 988 3879 Αβ;
1017 3812 1045 3864 11
1062 3811 1156 3865 insulis
1180 3810 1213 3879 03
1241 3811 1269 3863 in

201 3903 317 3973 siluisrp
349 3906 358 3974 A
390 3904 414 3958 8.
435 3904 451 3957 9
470 3907 699 3970 consueueruntp
735 3902 743 3970 A
780 3903 813 3957 10
833 3900 1020 3968 catouolcusss
1055 3902 1064 3969 A
1102 3901 1135 3953 12
1154 3899 1217 3954 belli
1237 3918 1268 3968 a3

201 3996 247 4046 aut
264 3992 362 4060 beliip

288 4082 333 4138 32.
355 4083 371 4135 2
390 4082 591 4150 treuirosquep
613 4081 621 4149 A
645 4082 705 4136 17
726 4079 939 4148 11111111111β
966 4080 974 4147 A
998 4080 1013 4131 7
1034 4077 1186 4147 quaestione
1205 4093 1267 4146 cap·

201 4170 317 4224 tinorum
335 4171 384 4224 dcl.
405 4170 567 4224 *HJMauer
1243 4171 1250 4189 ⁶
