2924 4808
206 302 274 363 224
608 291 874 369 sermonumt

206 478 248 542 ab
271 477 414 541 hostibus
443 477 561 560 duplici
588 477 685 559 fossa,
714 477 835 561 duplici
861 483 1136 561 propugnatorum
1165 478 1275 542 ordine
1289 501 1313 545 ra

209 585 467 667 defenderentur,
492 604 629 667 quorum
652 584 732 648 alter
754 585 981 668 expertibus,
1006 603 1070 667 quo
1088 585 1189 648 tutior
1207 586 1277 648 alti-

209 692 321 755 tudine
354 697 447 773 esset,
478 691 539 754 hoc
571 691 724 754 audacius
755 692 946 775 longiusque
978 693 1174 775 permitteret
1205 693 1277 775 tela,

210 798 301 880 alter,
330 800 385 879 qui
412 800 541 881 propior
567 799 689 861 hostem
716 799 751 860 in
778 800 846 881 ipso
870 798 953 861 vallo
977 799 1162 862 conlocatus
1186 804 1277 882 esset,

165 897 167 901 ’
210 910 304 988 ponte
327 905 366 968 ab
390 905 605 968 incidentibus
628 904 700 968 telis
719 909 883 988 tegeretur.
923 906 1021 989 portis
1036 905 1120 969 fores
1137 906 1279 970 altiores·

148 1020 192 1075 10
210 1030 272 1094 que
295 1017 398 1076 turres
421 1012 581 1095 imposuit.
627 1011 735 1075 Huius
758 1013 944 1075 munitionis
967 1012 1089 1095 duplex
1111 1018 1180 1076 erat
1204 1032 1304 1078 con-r

210 1119 327 1182 silium.
378 1137 517 1201 namque
550 1123 581 1181 et
613 1137 746 1201 operum
778 1119 1032 1201 magnitudinem
1068 1123 1099 1182 et
1130 1121 1279 1184 timorem

211 1245 306 1289 suum
330 1225 477 1308 sperabat
498 1225 650 1289 fiduciam
674 1224 817 1288 barbaris
840 1226 1035 1308 adlaturum,
1064 1230 1096 1288 et
1124 1245 1201 1290 oum
1224 1247 1280 1311 pa-

211 1332 356 1395 bulatum
391 1333 684 1414 frumentatumque
718 1333 847 1416 longius
884 1337 965 1396 esset
999 1332 1279 1416 proficiscendum,

210 1440 317 1522 parvis
340 1440 439 1521 copiis
463 1444 565 1502 castra
587 1439 767 1502 munitione
788 1441 859 1522 ipsa
877 1439 1007 1503 videbat
1028 1458 1121 1523 posse
1144 1440 1306 1505 defendis

179 1546 338 1610 ainterim
362 1545 473 1608 crebro
497 1547 608 1629 paucis
630 1548 794 1627 utrimque
816 1546 1077 1629 procurrentibus
1099 1548 1185 1610 inter
1205 1547 1282 1611 bina

212 1657 313 1715 castra
335 1651 452 1735 palude
474 1651 641 1715 interiecta
668 1652 933 1733 contendebatur,
956 1671 1064 1735 quam
1092 1656 1199 1717 tamen
1225 1673 1281 1736 pa·

211 1758 319 1822 ludem
348 1778 412 1821 non
441 1778 618 1841 numquam
646 1765 700 1822 aut
728 1765 836 1822 nostra
863 1759 984 1822 auxilia
1012 1759 1089 1843 [aut]
1115 1759 1281 1824 Gallorum

213 1865 510 1949 Gemranorumque
525 1866 701 1929 transibant
716 1868 884 1948 acriusque
900 1866 1006 1930 hostes
1020 1866 1281 1950 insequebantur,

213 1978 267 2036 aut
299 1974 440 2037 vicissim
472 1973 578 2037 hostes
611 1973 744 2037 eandem
777 1975 963 2056 transgressi
995 1978 1120 2038 nostros
1152 1974 1281 2057 lougius
1294 1995 1320 2037 ro

183 2080 463 2143 asummovebunt.
502 2080 665 2143 accidebat
688 2084 793 2143 autem
819 2080 994 2159 cotidianis
1010 2081 1280 2164 pabulationibus,

214 2224 255 2232 —
280 2186 313 2248 id
337 2187 423 2269 quod
447 2187 590 2250 accidere
613 2193 680 2251 erat
702 2206 843 2270 necesse,
873 2206 947 2250 cum
970 2188 1050 2251 raris
1076 2187 1281 2271 disiectisque

214 2313 256 2357 ex
279 2293 433 2357 aedificiis
456 2293 609 2377 pabulum
628 2295 881 2376 conquireretur,
902 2330 944 2340 -
968 2300 1005 2358 ut
1023 2294 1185 2378 impeditis
1204 2296 1281 2359 locis

180 2421 200 2462 4
214 2400 348 2484 dispersi
370 2400 573 2484 pabulatores
597 2402 919 2481 circumvenirentur,
945 2421 1027 2484 quae
1045 2420 1108 2483 rea,
1133 2404 1194 2466 etsi
1215 2421 1282 2466 me·

214 2508 320 2571 diocra
344 2507 569 2572 detrimentum
592 2510 809 2571 iumentorum
832 2528 869 2571 ac
892 2528 1057 2572 servorum
1085 2510 1204 2573 nostris
1228 2509 1282 2573 ad·
1295 2525 1318 2569 ra

213 2615 345 2698 ferebat,
373 2620 481 2678 tamen
509 2615 621 2678 stultas
649 2617 857 2698 cogitationes
884 2617 1037 2680 incitabat
1065 2615 1281 2698 barbarorum,

215 2727 311 2804 atque
345 2739 381 2784 eo
416 2722 531 2804 magis,
569 2721 655 2804 quod
690 2720 865 2804 Commius,
901 2740 996 2804 quem
1029 2722 1208 2805 profectum
1242 2723 1281 2786 ad

214 2828 336 2891 auxilia
371 2828 603 2892 Germanorum
637 2829 825 2892 arcessenda
862 2829 971 2910 docui,
1008 2848 1083 2892 cum
1118 2829 1281 2912 equitibus

215 2940 357 3014 venerat3
384 2936 440 3016 qui
460 2936 583 2998 tametsi
602 2954 736 2998 numero
760 2954 825 2998 non
846 2935 982 3018 amplius
1005 2941 1095 3000 erant
1112 2935 1151 3019 D,
1176 2940 1281 3000 tamen

82 3022 85 3027 ⁵
157 3053 196 3106 ⁴11
216 3041 446 3104 Germanorum
475 3041 614 3104 adventu
642 3042 768 3105 barbari
794 3041 996 3106 inflabantur.
1048 3041 1175 3126 Caesar,
1208 3059 1305 3107 cumr

215 3149 482 3212 animadverteret
509 3149 632 3212 hostem
661 3149 841 3232 complures
869 3149 938 3213 dies
966 3149 1078 3214 castris
1106 3149 1223 3232 palude
1252 3154 1283 3213 et

305 3342 414 3396 14-16
433 3345 464 3396 ut
481 3343 566 3397 hostis
585 3359 601 3396 a
619 3342 718 3412 duplici
736 3345 963 3413 propugnatorum
984 3343 1073 3398 ordine
1097 3343 1281 3413 depelleretur.

215 3429 287 3483 fossa
305 3429 415 3500 duplici,
436 3447 547 3499 quorum
565 3439 582 3499 β
618 3436 626 3499 ΙΙ
664 3433 697 3485 17
716 3431 770 3486 tela
788 3432 953 3500 permitteret
976 3433 1063 3501 (rent
1081 3431 1106 3500 s3
1127 3434 1237 3487 ·rentur
1254 3433 1281 3501 a)

215 3525 234 3586 β
265 3519 273 3587 ΙΙ
306 3519 339 3573 18
358 3521 404 3588 qui
423 3519 464 3587 ilc,
483 3520 598 3588 Facra.;
618 3537 669 3589 quo
687 3520 718 3574 X
747 3521 755 3588 ΙΙ
787 3521 919 3590 proprior
936 3521 1035 3575 ΑΒΜ1
1066 3522 1075 3591 ΙΙ
1105 3522 1134 3575 iu
1152 3522 1211 3592 ipso
1229 3539 1280 3576 em.

214 3627 239 3678 φ
271 3608 279 3677 ll
313 3608 346 3662 19
364 3609 434 3662 fores
451 3608 491 3676 X;
511 3609 631 3664 fortiores
649 3609 725 3663 Koch
757 3612 765 3680 l
799 3611 840 3665 19.
860 3610 895 3665 20
912 3609 1066 3680 altiorisque
1084 3629 1120 3682 pu

306 3697 387 3752 1115
410 3697 567 3752 videbantur
588 3698 703 3752 Nitscbe
744 3701 753 3769 l
793 3699 951 3754 Saulem.
969 3701 998 3768 13
1020 3700 1070 3754 dal.
1094 3699 1185 3755 Oiaca
1222 3701 1232 3766 ll
1267 3700 1283 3755 9

215 3786 306 3840 hostes
326 3805 355 3854 ας
374 3787 492 3855 nostris}
523 3788 531 3856 ll
565 3789 599 3843 10
617 3789 672 3857 aut]
696 3804 727 3842 ac
745 3807 768 3840 π
804 3789 813 3858 ΙΙ
849 3788 962 3842 eandem
979 3787 1005 3857 s3
1029 3789 1122 3844 eadem
1139 3797 1168 3857 1³3
1192 3791 1284 3845 eodem

214 3894 235 3926 a
266 3877 275 3945 ll
308 3877 340 3928 11
361 3876 523 3930 decidebant
536 3894 564 3947 93
583 3877 751 3931 Accedebant
767 3896 789 3929 π
821 3878 830 3947 ΙΙ
863 3877 896 3930 12
909 3893 1019 3932 necesse
1032 3880 1122 3946 eratss
1152 3879 1161 3948 l
1196 3880 1230 3932 14
1245 3878 1283 3932 di-

212 3964 316 4032 spersis
335 3985 353 4017 a
385 3966 393 4034 ll
424 3965 591 4034 pabulatores
611 3966 659 4034 Spq
683 3966 852 4034 pabulatoriis
872 3986 889 4019 α
926 3968 935 4037 ll
971 3969 1004 4022 16
1023 3967 1196 4022 barbarorum
1218 3967 1283 4022 inei·

216 4052 324 4120 talaia
359 4054 367 4122 q
405 4055 546 4109 letamen
566 4074 595 4123 a
619 4056 774 4110 sedamen
797 4063 815 4123 a
850 4056 859 4125 l
885 4042 931 4111 'ao
953 4056 1058 4113 ausari
1080 4056 1240 4113 emautur
1256 4073 1285 4129 a

213 4141 375 4196 inflabantur
392 4143 497 4198 barbari
515 4162 547 4212 ⁷13
567 4144 670 4199 barbari
687 4145 839 4200 nitebantur
857 4165 875 4198 α
947 4184 951 4192 .

307 4233 351 4286 11.
372 4232 388 4285 2
407 4233 526 4287 animum
544 4234 728 4303 aduerteretfl
758 4234 767 4304 ll
798 4235 889 4290 hostes
909 4255 924 4307 ρ
