2924 4808
432 287 541 341 LIBER
558 287 605 340 VI.
626 286 701 342 CAP.
721 287 843 342 32-35.
1112 273 1173 334 153

106 451 290 514 multitudo.
340 449 397 513 ubi
425 451 543 531 cuique
573 455 628 513 aut
655 450 754 514 valles
786 449 893 513 abdita
922 456 976 513 aut
1003 451 1093 514 locus
1122 451 1204 516 sil-a

80 559 223 624 svestris
246 563 302 620 aut
324 558 416 640 palus
438 559 589 640 impedita
612 577 700 640 spem
724 558 873 640 praesidii
901 564 956 621 aut
978 558 1091 621 salutis
1120 558 1176 621 ali-

108 685 205 747 quam
230 663 394 746 offerebat,
419 664 611 728 consederat.
659 665 736 727 haec
758 665 829 728 loca
845 664 1062 728 vicinitatibus
1085 672 1204 730 eranta

107 776 195 852 nota,
230 790 443 855 magnamque
479 789 530 835 res
570 772 768 855 diligentiam
806 771 999 853 requirebat,
1039 791 1105 835 non
1140 773 1175 834 in

107 897 234 941 summa
257 879 418 943 exercitus
441 880 559 942 tuenda
584 915 624 923 -
649 879 776 942 nullum
800 880 886 941 enim
909 882 1030 961 poterat
1048 880 1176 942 univer·

108 987 151 1049 sis
177 983 227 1069 <a>
254 987 427 1068 perterritis
450 1005 487 1049 ac
511 986 660 1068 dispersis
684 985 862 1068 periculum
882 984 1025 1048 accidere
1042 1022 1096 1068 —,
1120 986 1176 1050 sed

67 1115 93 1157 ro
106 1094 142 1154 in
166 1093 303 1175 singulis
325 1092 481 1156 militibus
505 1093 745 1173 conservandis3
776 1112 857 1175 quae
886 1099 991 1156 tamen
1019 1112 1061 1156 ex
1088 1098 1175 1176 parte

106 1219 159 1263 res
183 1199 380 1263 adsalutem
403 1201 563 1263 exercitus
586 1199 771 1282 pertinebat.
817 1218 891 1262 nam
916 1204 947 1263 et
961 1200 1097 1282 praedae
1121 1219 1204 1262 cur

107 1305 225 1389 piditas
248 1307 366 1370 multos
389 1307 517 1390 longius
540 1305 710 1370 sevocabat
737 1311 769 1369 et
794 1307 894 1370 silvae
917 1308 1048 1370 incertis
1072 1308 1176 1370 occul-

109 1414 214 1494 tisque
237 1413 405 1476 itineribus
424 1412 582 1476 confertos
598 1413 686 1476 adire
702 1413 920 1496 prohibebant.
959 1413 987 1476 si
1010 1414 1204 1496 negotiume

108 1518 224 1583 confici
248 1521 441 1604 stirpemque
464 1520 630 1582 hominurn
653 1520 880 1583 sceleratorum
907 1519 1045 1584 interfici
1072 1520 1176 1601 vellet,

70 1647 95 1688 15
109 1626 317 1691 dimittendae
340 1627 449 1710 plures
470 1647 586 1690 manus
610 1626 845 1710 diducendique
873 1632 964 1690 erant
990 1627 1120 1708 milites,
1150 1629 1204 1690 sic

110 1735 274 1798 continere
298 1735 339 1797 ad
361 1735 453 1817 signa
475 1733 656 1817 manipulos
679 1735 787 1816 vellet,
815 1738 852 1797 ut
873 1736 1019 1797 instituta
1041 1735 1121 1797 ratio
1146 1740 1178 1798 et

110 1841 306 1904 consuetudo
331 1843 490 1905 exercitus
516 1841 652 1904 Romani
679 1840 870 1923 postulabat,
898 1841 987 1904 locus
1014 1842 1081 1924 ipse
1111 1847 1178 1904 erat

110 1948 266 2031 praesidio
290 1947 446 2031 barbaris,
469 1967 575 2029 neque
600 1967 642 2011 ex
667 1948 788 2010 occulto
812 1947 987 2012 insidiandi
1011 1953 1041 2011 et
1057 1948 1176 2030 disper·

111 2073 161 2118 sos
188 2055 463 2119 circumveniendi
491 2055 626 2138 singulis
659 2055 766 2117 deerat
793 2055 933 2117 audacia.
980 2059 1016 2117 ut
1044 2055 1079 2117 in
1107 2055 1204 2117 eiust

76 2161 199 2226 amodi
221 2161 463 2224 difficultatibus
487 2167 642 2243 quantum
671 2161 837 2245 diligentia
864 2162 1027 2244 provideri
1054 2167 1178 2245 poterat

111 2268 351 2351 providebatur,
374 2273 411 2332 ut
433 2269 537 2351 potius
565 2269 599 2330 in
626 2269 771 2332 nocendo
801 2269 920 2349 aliquid
948 2270 1177 2351 praetermitte-

112 2379 209 2457 retur,
233 2376 294 2439 etsi
318 2376 461 2439 omnium
486 2377 584 2438 animi
599 2376 640 2438 ad
656 2376 875 2439 ulciscendum
891 2375 1056 2456 ardebant,
1082 2396 1177 2458 quam

113 2501 184 2545 cum
217 2481 323 2565 aliquo
351 2482 488 2545 militum
523 2482 712 2546 detrimento
747 2487 923 2546 noceretur.
974 2481 1105 2544 dimittit
1137 2482 1204 2544 ads

113 2586 262 2652 finitimas
286 2590 429 2653 civitates
453 2591 583 2652 nuntios
600 2588 727 2653 Caesar:
753 2608 863 2652 omnes
887 2594 999 2652 evocat
1017 2608 1072 2671 spe
1088 2608 1177 2671 prae-

83 2693 168 2760 adae
193 2696 233 2758 ad
257 2695 452 2778 diripiendos
474 2696 656 2777 EburoneS,
680 2697 836 2779 utpotius
856 2675 996 2758 insiliis
1013 2695 1178 2758 Gallorum

114 2803 176 2865 vita
199 2822 296 2885 quam
318 2802 513 2885 legionarius
536 2803 628 2866 miles
651 2802 860 2886 periclitetur,
884 2803 980 2866 simul
1004 2807 1039 2865 ut
1061 2822 1178 2885 magna

114 2909 315 2973 multitudine
338 2909 530 2973 circumfusa
553 2929 610 2992 pro
634 2910 691 2971 tali
712 2909 852 2972 facinore
880 2911 973 2991 stirps
997 2929 1034 2971 ac
1061 2929 1177 2972 nomen

115 3016 248 3079 civitatis
264 3015 402 3079 tollatur.
448 3036 583 3099 magnus
606 3017 750 3097 undique
771 3034 924 3078 numerus
944 3016 1088 3080 celeriter
1103 3033 1204 3078 con-o

16 3125 49 3151 ²
88 3125 205 3186 uenit.

94 3243 104 3284 1
198 3229 288 3294 Haec
324 3231 360 3292 in
397 3230 545 3294 omnibus
581 3230 770 3293 Eburonum
808 3230 952 3313 partibus
987 3230 1179 3314 gerebantur
1196 3238 1233 3294 35

116 3335 242 3419 diesque
266 3337 434 3420 adpetebat
456 3338 543 3418 Vll,
572 3356 666 3420 quem
694 3338 734 3401 ad
759 3337 844 3401 diem
871 3335 984 3400 Caesar
1012 3338 1052 3400 ad
1080 3340 1178 3421 impe-

197 3531 280 3584 4ubi
298 3530 394 3600 cuique
412 3534 441 3599 β;
461 3531 621 3600 ubicumque
641 3531 677 3597 cs
703 3531 711 3598 ll
743 3530 822 3584 uallis
842 3531 957 3600 SMW
983 3533 991 3600 ll
1023 3533 1048 3584 4.
1068 3534 1083 3585 5
1103 3531 1178 3584 locus

115 3619 241 3673 siluestris
259 3623 306 3673 aut
324 3639 355 3688 c3
378 3619 442 3673 locis
461 3620 628 3674 siluestribus
646 3627 667 3687 β’
697 3621 706 3689 ll
742 3620 878 3673 9aodd.
902 3621 1052 3689 Glandorp.
1090 3621 1099 3685 ll
1137 3622 1177 3674 10.

115 3709 141 3760 ll
163 3725 230 3778 quae
251 3711 341 3763 tamen
363 3749 458 3762 ......
482 3708 630 3778 pertinebat
653 3710 703 3762 del.
723 3709 786 3762 HM
822 3711 830 3779 ll
874 3710 906 3762 12
930 3711 1071 3763 seuocabat
1091 3710 1177 3775 Paul,

115 3799 236 3853 auocabat
253 3798 285 3853 X
314 3800 322 3869 lt
356 3799 397 3851 12.
418 3800 451 3853 13
471 3798 661 3867 occultatisque
680 3799 707 3851 in
726 3799 901 3866 itineribusfi
937 3800 945 3866 ll
983 3800 1017 3852 14
1035 3798 1118 3852 uellet
1136 3799 1177 3864 clm

113 3887 209 3942 uellent
227 3888 258 3941 X
287 3888 296 3957 ll
330 3889 363 3943 16
383 3888 545 3955 contineris]
576 3888 584 3956 ll
621 3887 722 3942 uellent
741 3907 758 3938 a
794 3889 802 3958 [l
841 3889 872 3941 17
892 3886 967 3941 locus
986 3890 1043 3941 erat
1060 3887 1117 3956 ipse
1134 3894 1152 3954 β
1170 3887 1179 3959 ll

115 3976 144 4030 19
163 3979 193 4030 ut
210 3977 251 4044 X,
270 3980 298 4030 at
316 3977 349 4030 N
376 3979 384 4046 ll
421 3978 463 4030 21.
483 3976 517 4030 22
536 3977 736 4044 omittereturp
772 3976 780 4044 ΙΙ
818 3977 851 4029 22
874 3976 954 4030 animi
978 3976 1179 4031 adulescentum

114 4065 237 4119 ardebant
255 4065 318 4136 M¹p
350 4066 358 4135 ΙΙ
391 4067 425 4120 23
443 4069 550 4120 noceret
563 4065 609 4135 gS
638 4070 647 4132 ΙΙ
683 4066 725 4119 23.
746 4066 781 4118 24
799 4080 890 4119 caesar
911 4066 946 4119 ad
967 4064 1094 4121 finitimae
1112 4065 1178 4133 oini-

113 4154 177 4208 tatea
196 4154 303 4208 nuntios
321 4154 464 4222 dimittite
501 4156 508 4223 ll
546 4154 581 4206 24
598 4155 692 4208 euocat
708 4160 737 4222 β;
761 4154 795 4208 ad
813 4169 842 4208 se
861 4154 976 4227 uocata¹
998 4152 1045 4225 1.
1186 4176 1201 4189 -ν
1276 4152 1281 4157 “

113 4241 281 4311 elitareturfl
928 4234 955 4265 ⁵·
996 4228 1014 4253 ”
