2924 4808
266 293 329 356 236
665 307 770 362 BELLI
789 307 931 362 GALLICI

265 473 299 534 in
327 473 429 534 vicem
457 471 622 554 praesidio.
669 476 737 534 tum
765 477 895 554 repente
929 471 1089 535 confertae
1121 471 1265 554 legiones
1297 471 1334 533 in

238 584 471 661 aconspectum
493 579 633 641 hostium
656 579 798 642 veniunt.
838 577 955 660 quibus
974 580 1051 641 visis
1074 578 1237 661 perculsae
1262 577 1334 640 bar-

265 684 414 748 barorum
447 690 570 748 tumrae
603 704 640 747 ac
667 687 834 767 perterrita
865 686 949 748 acies
979 685 1119 749 hostium
1149 685 1365 767 pertiubatoo

265 792 565 875 impedimentorum
588 792 714 874 agmine
737 811 853 874 magno
878 792 1015 855 clamore
1032 792 1243 873 discursuque
1262 811 1335 875 pas-

193 953 197 960 .
237 900 327 962 esim
349 898 443 981 fugae
466 919 499 962 se
523 899 682 961 mandant.
721 904 753 961 at
774 899 875 961 nostri
899 900 1035 981 equites,
1060 900 1117 980 qui
1140 898 1235 981 paulo
1260 903 1334 962 ante

266 1025 339 1068 curn
358 1006 577 1069 resistentibus
600 1006 769 1069 fortissime
793 1005 1016 1088 conflixerant,
1040 1005 1160 1069 laetitia
1180 1006 1335 1069 victoriae

266 1112 340 1175 elati
362 1132 478 1195 magno
503 1113 645 1195 undique
670 1113 806 1175 clamore
835 1112 958 1176 sublato
988 1112 1174 1176 cedentibus
1197 1113 1335 1176 circum-

265 1219 340 1301 fusi,
370 1224 525 1301 quantum
550 1238 705 1300 equorum
728 1221 812 1282 vires
841 1220 881 1281 ad
904 1219 1162 1302 persequendum
1187 1220 1335 1282 dextrae-
1349 1241 1381 1283 ro

267 1345 328 1407 que
352 1326 392 1387 ad
416 1326 612 1388 caedendum
628 1326 748 1408 valent,
772 1331 895 1389 tantuin
920 1345 957 1389 eo
980 1326 1101 1409 proelio
1126 1325 1334 1389 interficiunt.

239 1434 374 1514 sitaque
403 1432 539 1515 amplius
566 1431 695 1494 milibus
723 1431 790 1495 XII
821 1437 876 1495 aut
903 1439 1097 1496 armatorum
1130 1437 1185 1495 aut
1212 1452 1335 1515 eorum,

267 1541 324 1621 qui
346 1540 459 1602 timore
483 1559 570 1603 arma
592 1541 803 1622 proiecerant,
832 1540 1007 1603 interfectis
1035 1541 1138 1602 omnis
1162 1539 1335 1602 multitudo

266 1647 388 1728 capitur
411 1646 721 1729 impedimentorum.

211 1766 248 1822 30
366 1751 435 1827 Qua
468 1773 509 1816 ex
540 1754 615 1836 fuga
648 1773 721 1815 cum
754 1758 912 1817 constaret
944 1753 1133 1837 Drappetem
1167 1753 1363 1834 Senonem,1

267 1861 336 1942 qui,
364 1866 401 1923 ut
427 1861 567 1943 primum
596 1860 752 1924 defecerat
785 1861 899 1943 Gallia,
929 1861 1068 1924 collectis
1098 1860 1240 1942 undique
1264 1879 1335 1943 per-

267 1967 341 2029 ditis
373 1967 571 2049 hominibus,
604 1969 705 2030 servis
738 1968 777 2030 ad
809 1967 985 2030 libertatem
1013 1968 1147 2049 voeatiS,
1180 1967 1334 2031 exulibus

267 2076 410 2136 omnium
430 2075 593 2136 civitatum
612 2075 732 2155 ascitis,
756 2075 891 2157 receptis
910 2073 1088 2137 latronibus
1106 2074 1335 2157 impedimenta

267 2185 298 2243 et
321 2186 515 2243 commeatus
538 2180 755 2244 Romanorum
778 2182 1000 2264 interceperat,
1027 2200 1094 2244 non
1117 2181 1255 2264 amplius
1278 2182 1365 2244 ho-5

266 2288 389 2349 minum
410 2287 534 2351 duobus
552 2288 683 2350 milibus
702 2307 743 2350 ex
761 2288 837 2370 fuga
856 2288 994 2350 collectis
1010 2288 1207 2370 provinciam
1227 2292 1334 2370 petere

260 2399 395 2475 'unaque
424 2395 593 2457 eonsilium
621 2413 695 2457 cum
723 2414 759 2457 eo
787 2394 971 2457 Lucterium
996 2393 1176 2457 Cadurcum
1204 2395 1333 2478 cepisse,

268 2520 364 2582 quem
399 2503 562 2583 superiore
599 2503 824 2564 commentario
861 2502 965 2584 prima
1001 2501 1177 2565 defectione
1212 2501 1333 2566 Galliae

266 2608 369 2671 facere
406 2609 441 2669 in
477 2609 675 2690 provinciam
710 2608 849 2671 voluisse
886 2609 1040 2691 impetum
1078 2610 1242 2691 cognitum
1278 2614 1334 2690 est,

240 2715 421 2777 atianinius
453 2715 576 2798 legatus
609 2735 682 2778 cunr
715 2716 838 2778 duabus
866 2715 1045 2798 legionibus
1078 2718 1117 2779 ud
1146 2735 1200 2780 eos
1228 2734 1382 2800 perse-ro

268 2823 412 2905 quendos
440 2822 615 2904 contendit,
640 2842 681 2886 ne
711 2823 898 2885 detrimento
928 2828 982 2885 aut
1009 2823 1123 2887 timore
1150 2825 1333 2906 provinciae

266 2948 383 3011 magna
405 2929 534 2991 infamia
556 2930 754 3012 perditorum
777 2930 943 2992 hominurn
966 2929 1142 2993 latrociniis
1160 2937 1333 3013 caperetur.

212 3046 247 3101 31
269 3035 300 3098 O.
325 3035 442 3098 Fabius
475 3056 546 3099 oum
579 3037 702 3119 reliquo
732 3036 876 3099 exercitu
903 3037 937 3097 in
966 3034 1121 3099 Carnutes
1149 3042 1364 3120 ceterasquer

267 3141 478 3224 proficiscitur
497 3143 656 3225 civitates,
676 3163 812 3224 quarum
832 3161 868 3205 eo
887 3143 1019 3225 proelio,
1040 3143 1126 3225 quod
1145 3163 1219 3206 cum
1234 3141 1334 3206 Dum-

356 3336 457 3388 3Tum
478 3336 525 3402 Sp,
546 3335 613 3388 Cum
633 3355 650 3386 u
676 3336 684 3402 11
711 3337 776 3389 bae
790 3353 842 3388 om.
858 3335 895 3402 Sp
920 3337 928 3405 11
954 3337 1095 3404 perterrita
1108 3336 1156 3404 &33
1179 3338 1335 3405 perterritae

268 3444 285 3474 u
317 3424 325 3492 11
358 3425 496 3492 bagmine
514 3425 763 3492 impedimentorum
784 3425 821 3491 Sp
852 3425 860 3494 11
893 3441 988 3494 magno
1007 3443 1059 3478 om.
1075 3425 1112 3493 Sp
1143 3427 1151 3495 11
1185 3428 1244 3480 ise
1257 3428 1335 3496 fugae

268 3513 305 3580 Sp
341 3515 349 3583 11
387 3513 420 3565 12
440 3513 511 3566 .ΧΠ.
532 3514 580 3580 Sp,
605 3529 731 3581 passuum
752 3514 889 3567 duodecim
909 3534 926 3565 u
963 3515 971 3584 11
1008 3518 1055 3568 aut
1073 3515 1176 3584 parius)
1196 3533 1249 3569 om.
1271 3517 1308 3584 Sp
1326 3515 1337 3588 11

268 3604 301 3656 13
320 3603 420 3655 timore·
434 3603 481 3669 Sp,
501 3619 531 3655 eo
549 3605 667 3670 tempore
687 3621 716 3669 u3
736 3619 767 3656 eo
785 3603 879 3656 timore
897 3603 984 3672 Nipp.

355 3693 402 3748 30.
418 3694 430 3744 1
446 3693 565 3760 draptem
578 3693 679 3760 (drapte
689 3693 715 3762 p)
727 3691 799 3760 (byn,
818 3692 907 3759 Oros.;
922 3693 965 3760 (in
976 3693 999 3746 S
1010 3709 1116 3762 semper
1127 3693 1184 3761 sere
1197 3697 1312 3763 oraptes)
1326 3694 1337 3767 11

267 3782 291 3834 3.
310 3782 328 3833 4
347 3781 469 3834 exulibus
493 3781 614 3834 omnibus
637 3782 754 3834 omnium
779 3782 816 3848 Sp
851 3782 869 3856 11,
896 3781 1081 3836 4oiuitatium
1105 3783 1163 3836 Sub
1199 3784 1207 3853 11
1244 3785 1335 3838 ascitis

266 3887 318 3923 om.
338 3870 398 3923 ΒΜ
425 3871 434 3938 11
465 3870 610 3923 latrociniis
628 3869 687 3922 ΒΜ
715 3871 723 3939 11
760 3871 933 3924 beomitatus
954 3871 991 3938 Sp}
1025 3872 1034 3940 11
1069 3873 1208 3927 bduobus
1227 3873 1338 3927 milibus

267 3976 281 4012 e
300 3960 363 4027 fuga
382 3959 430 4025 Sp,
450 3959 552 4012 duobus
571 3959 676 4012 milibus
695 3976 729 4012 ex
747 3960 810 4027 fuga
828 3960 944 4028 quinque
957 3979 990 4029 χ;
1009 3961 1116 4015 milibus
1135 3978 1169 4015 ex
1182 3962 1245 4032 fuga
1257 3963 1335 4032 quin-

267 4063 359 4116 quen>
390 4047 399 4115 11
431 4048 493 4101 9in
512 4048 643 4116 prouintia
661 4049 791 4117 impetum
810 4048 926 4102 uoluisse
946 4050 984 4115 Sd
1014 4051 1023 4119 11
1056 4050 1090 4105 10
1109 4050 1235 4106 Caninius
1255 4070 1285 4120 ας
1305 4050 1336 4105 O.

266 4137 388 4190 antonius
409 4136 446 4202 Sp
477 4136 486 4205 11
518 4153 579 4190 cum
597 4137 745 4206 legionibus
765 4137 866 4190 duabus
880 4137 960 4206 χΒΜ

354 4226 400 4281 31.
421 4227 434 4277 1
455 4229 578 4280 carnutas
598 4227 620 4280 S
649 4229 658 4296 11
691 4227 714 4279 2.
735 4227 750 4279 3
770 4228 896 4282 domnaco
916 4227 972 4299 Spu
