2924 4808
186 300 248 361 164
380 323 382 328 ’
583 313 689 366 BELLI
708 312 850 367 GALLICI

182 478 323 540 munitos
352 476 577 539 existimabant
610 495 646 538 ao
678 495 718 538 ne
746 476 899 559 singulari
934 476 1064 556 quidem
1098 493 1251 555 umquam

184 585 305 646 homini
329 602 365 645 eo
389 588 531 665 tempore
556 585 632 644 anni
655 584 786 645 semitae
809 587 989 665 patuerant,
1014 582 1176 663 equitibus
1192 583 1252 671 im·
1267 607 1291 647 ro

183 695 284 774 perat,
307 695 344 752 ut
367 709 463 771 quam
486 690 638 751 latissime
661 691 784 772 possint
807 695 966 771 vagentur
989 693 1021 753 et
1037 707 1134 769 quarn
1150 689 1252 750 maxi-

155 790 279 862 nmum'
296 797 440 859 hostibus
464 801 615 859 terrorem
638 797 784 859 inferant.
831 796 977 859 celeriter
999 796 1077 858 haec
1104 795 1189 856 fama
1216 815 1252 857 ac

183 904 291 967 nuntii
326 903 365 965 ad
393 904 689 986 Vercingetorigem
717 903 935 985 perferuntur,
971 921 1065 983 quem
1093 903 1252 983 perterriti

184 1030 294 1074 omnes
317 1011 457 1073 Arverni
480 1011 718 1073 circumsistunt
734 1014 828 1092 atque
853 1008 1032 1090 obsecrant,
1057 1013 1093 1070 ut
1108 1009 1175 1071 suis
1190 1008 1252 1071 for-

184 1119 270 1180 tunis
294 1117 439 1180 consulat
466 1136 530 1178 neu
558 1136 592 1180 se
621 1117 659 1179 ab
688 1116 832 1179 hostibus
861 1116 956 1199 diripi
984 1116 1134 1198 patiatur,
1162 1135 1292 1197 prae-15

156 1226 293 1292 rsertim
316 1245 389 1287 cum
414 1224 520 1287 videat
544 1225 636 1286 om‘ne
661 1223 700 1286 ad
724 1243 758 1286 se
781 1224 902 1286 bellum
930 1226 1126 1288 translatum.
1174 1244 1253 1307 quo-

184 1331 332 1394 rumille
355 1330 504 1414 precibus
527 1335 690 1412 permotus
719 1335 822 1393 castra
849 1349 890 1392 ex
917 1331 1117 1415 Biturigibus
1145 1337 1253 1395 movet

147 1440 217 1510 ein
240 1440 402 1500 Arvernos
426 1457 545 1500 versus.
592 1439 636 1499 At
660 1435 774 1500 Caesar
796 1437 930 1500 biduum
953 1439 988 1500 in
1012 1438 1061 1501 his
1085 1440 1163 1501 locis
1186 1459 1279 1501 mor

183 1552 283 1627 ratus,
309 1545 393 1625 quod
418 1544 495 1607 haec
519 1545 558 1607 de
573 1544 835 1632 Vercingetorige
859 1565 920 1607 usu
944 1550 1080 1608 ventura
1103 1547 1252 1628 opinione

184 1658 394 1734 praeceperat,
417 1671 474 1734 por
497 1671 627 1714 causam
643 1650 856 1734 supplementi
873 1653 1099 1733 equitatusque
1116 1652 1253 1734 cogendi

157 1759 223 1824 aab
248 1759 391 1821 exercitu
408 1758 551 1840 discedit,
575 1758 714 1821 Brutum
730 1758 965 1821 adulescentem
981 1759 1030 1821 his
1047 1759 1147 1841 copiis
1162 1777 1253 1840 prae-

183 1865 262 1944 ficit,
287 1866 373 1928 huno
396 1870 517 1946 monet,
540 1869 577 1926 ut
599 1865 634 1926 in
658 1884 768 1928 omncs
791 1872 896 1947 partes
917 1867 1038 1945 equites
1055 1885 1151 1946 quam
1168 1865 1279 1928 latis-5

184 1973 263 2034 sime
286 1978 511 2055 perrogentur,
539 1971 686 2033 daturum
710 1990 744 2034 se
768 1991 908 2054 operam,
932 1991 974 2034 ne
996 1972 1123 2054 longius
1146 1972 1253 2034 triduo

157 2099 203 2145 aa
226 2080 337 2141 castris
365 2077 455 2140 absit.
505 2079 555 2140 his
583 2079 764 2141 constitutis
791 2077 888 2141 rebus
917 2079 984 2141 suis
1011 2078 1253 2161 inopinantibus

157 2203 281 2265 aquam
309 2185 458 2246 maximis
486 2190 590 2266 potest
616 2184 786 2247 itineribus
814 2185 974 2248 Viennam
1005 2188 1159 2269 pervenit.
1208 2185 1252 2248 ibi

184 2297 298 2354 nactus
320 2296 481 2355 recentem
505 2293 696 2374 equitatum,
726 2311 820 2373 quem
845 2293 954 2355 multis
978 2297 1051 2355 ante
1074 2293 1188 2356 diebus
1216 2311 1252 2355 eo

184 2400 403 2482 praemiserat,
429 2417 535 2480 neque
560 2399 674 2461 diurno
699 2418 803 2480 neque
827 2404 984 2462 nocturno
1013 2400 1127 2463 itincre
1156 2401 1253 2462 inter-
1267 2421 1292 2462 ro

184 2508 280 2569 misso
309 2525 364 2588 per
391 2505 471 2569 fines
499 2505 708 2569 Haeduorum
736 2507 772 2566 in
798 2504 959 2589 Lingones
987 2507 1164 2588 contendit,
1197 2507 1253 2569 ubi

185 2613 265 2677 duae
289 2613 429 2695 legiones
453 2612 647 2693 hiemabant,
671 2617 719 2694 ut,
744 2613 770 2675 si
795 2613 870 2693 qnid
889 2615 983 2675 etiam
1007 2613 1045 2677 de
1070 2633 1128 2676 sua
1152 2613 1252 2677 salute

156 2720 223 2784 aab
251 2720 395 2783 Haeduis
422 2721 558 2782 iniretur
586 2720 723 2799 consilii,
757 2720 916 2783 celeritate
943 2725 1169 2802 praecurreret.
1216 2738 1251 2782 eo

184 2845 258 2888 cum
290 2827 513 2908 pervenisset,
538 2825 577 2887 ad
610 2826 750 2906 reliquas
787 2826 928 2908 legiones
965 2827 1063 2888 mittit
1099 2827 1252 2908 priusque

185 2951 294 2996 omnes
317 2935 351 2994 in
375 2952 477 2994 unum
500 2933 607 2994 locum
631 2933 727 3015 cogit,
751 2952 847 3014 quarn
872 2933 910 2996 de
934 2933 1003 2995 eius
1028 2932 1168 2995 adventu
1192 2935 1252 2996 Ar·
1267 2949 1291 2992 15

157 3040 292 3104 avernis
316 3039 457 3101 nuntiari
479 3044 594 3121 posset.
641 3039 699 3101 hac
722 3059 756 3102 re
773 3041 900 3121 cognita
915 3040 1160 3122 Vercingetorix
1183 3059 1252 3102 rur-

185 3165 239 3208 sus
265 3147 298 3206 in
322 3146 483 3227 Bituriges
512 3146 689 3208 exercitum
716 3145 841 3208 reducit
868 3150 963 3227 atque
991 3146 1065 3209 inde
1093 3146 1252 3229 profectus

186 3251 413 3334 Gorgobinam,
437 3251 591 3314 Boiorum
607 3251 772 3335 oppidum,
790 3272 869 3333 quos
885 3252 931 3315 ibi
947 3251 1115 3315 Helvetico
1131 3254 1251 3335 proelio

185 3360 286 3421 victos
311 3358 425 3421 Caesar
449 3359 669 3422 conlocavcrat
691 3358 900 3441 Haeduisque
925 3359 1124 3442 attribuerat,
1154 3378 1252 3442 oppu-

275 3552 415 3620 9quidem
435 3559 523 3618 ceap
555 3553 563 3620 11
598 3554 628 3603 11
649 3555 757 3619 possent
771 3572 792 3621 χ
824 3552 831 3620 11
864 3555 891 3604 et
910 3571 940 3618 ας
960 3556 1024 3620 11111
1056 3555 1064 3622 11
1097 3553 1130 3605 12
1150 3569 1181 3606 ac
1200 3569 1251 3604 om.

183 3649 201 3708 β
232 3642 240 3710 11
275 3643 307 3695 13
326 3641 425 3693 nuntiis
444 3640 552 3693 Maneat.
586 3643 594 3710 11
626 3641 796 3708 perforante
828 3643 836 3710 11
870 3643 911 3696 15.
933 3644 965 3696 16
990 3641 1111 3695 consulat
1133 3658 1202 3695 neue
1221 3641 1253 3694 ab

184 3730 304 3783 hostibus
324 3730 493 3798 diripiantur,
513 3730 668 3798 praesertim
688 3750 705 3780 a
737 3731 746 3798 11
781 3729 813 3783 18
833 3730 860 3783 in
878 3738 905 3798 β;
925 3748 973 3799 per
992 3751 1009 3781 a

273 3821 301 3874 9.
322 3819 338 3871 2
358 3821 390 3872 de
409 3820 626 3887 Vercingetorige
645 3819 694 3871 del.
714 3819 877 3872 *HJMiillar
902 3823 910 3889 11
940 3837 992 3874 usu
1009 3839 1043 3888 rr,
1062 3836 1126 3873 usus
1141 3840 1175 3891 up
1202 3820 1210 3889 1
1236 3821 1252 3874 3

185 3911 337 3976 perceperat
357 3907 471 3978 SM²ps¹³
498 3911 506 3972 11
532 3908 600 3961 diis
618 3907 671 3970 ob
696 3910 704 3976 11
730 3909 756 3960 4.
770 3911 786 3962 5
800 3909 925 3977 praefecit
937 3916 954 3975 β
979 3909 987 3978 11
1014 3909 1081 3962 iab
1095 3929 1112 3960 a
1138 3911 1147 3978 11
1175 3910 1252 3964 robus

185 3998 305 4051 omnibus
325 3998 415 4063 suisft
446 3998 455 4064 11
486 3997 563 4051 81111
582 4016 612 4064 a,
631 3997 730 4063 Indep
762 3999 770 4061 11
802 3999 948 4052 9nanotus
967 3997 1029 4050 ΑΒι
1061 4000 1070 4066 11
1104 4001 1134 4050 11
1150 3999 1252 4068 linguo-

185 4103 232 4139 nes
251 4087 287 4153 fh
319 4089 326 4156 11
361 4087 393 4138 12
412 4087 475 4154 quid
495 4106 528 4153 rr,
549 4087 619 4155 quod
639 4107 672 4157 αρ
709 4087 717 4156 11
756 4089 787 4139 17
807 4087 948 4155 reduxitfl
984 4089 993 4155 11
1031 4087 1064 4140 18
1083 4088 1253 4157 gorgobinam

186 4174 491 4244 a(f)e²l;g01tonamp
527 4179 535 4246 11
571 4177 691 4244 quesibi
715 4176 790 4243 M²fl3
819 4177 888 4245 quod
912 4176 962 4230 sibi
984 4176 1031 4246 (ibi
1055 4176 1090 4246 S)
1111 4197 1128 4228 a
1169 4179 1178 4247 11
1219 4177 1253 4231 19

185 4265 306 4333 1110101χ
