2924 4808
500 297 646 352 LIBERI.
667 297 742 352 CAP.
763 299 886 353 33—36.
1183 285 1224 346 23

117 487 143 529 ro
156 463 240 547 plius
255 467 342 526 trans
358 462 507 526 Rhenum
527 461 561 523 in
577 460 713 524 Galliam
733 461 927 542 traduceret,
953 460 1068 526 deinde
1089 462 1224 545 obsides

158 589 238 653 quos
266 568 397 633 haberet
425 568 463 632 ab
491 568 648 650 Haeduis,
676 567 824 631 redderet
847 566 1068 651 Sequanisque
1096 570 1225 651 permit

157 682 249 760 teret,
273 681 321 759 ut,
346 695 427 757 quos
450 676 499 738 illi
526 674 691 757 haberent,
719 675 883 738 voluntate
912 676 981 738 eius
1004 674 1137 739 reddere
1160 676 1224 739 illis

156 784 279 864 liceret,
301 802 383 847 neve
398 782 552 846 Haeduos
571 783 690 844 iniuria
704 782 876 845 lacesseret
894 800 975 845 neve
995 782 1045 845 his
1066 783 1224 865 sociisque

157 909 267 953 eorum
281 876 556 954 bellum'inferret.
603 890 632 951 si
655 887 711 973 [id]
736 889 782 950 ita
801 889 941 969 fecisset,
965 889 1027 952 sibi
1041 889 1252 972 populoquer

117 1020 143 1062 15
157 998 301 1061 Romano
324 1001 511 1081 perpetuam
534 997 667 1080 gratiam
688 1001 783 1077 atque
800 997 971 1059 amicitiam
987 1015 1062 1059 cum
1077 1015 1114 1060 eo
1137 995 1224 1059 futu·
1292 1036 1293 1039 =

156 1124 238 1184 ram3
268 1105 294 1168 si
322 1123 387 1166 non
415 1105 611 1187 impetraret,
645 1122 729 1184 sese,
758 1103 911 1185 quoniam
939 1103 980 1166 Μ.
1005 1102 1153 1186 Messala,
1182 1101 1223 1164 M.

155 1210 273 1274 Pisone
297 1210 483 1274 consulibus
507 1216 637 1274 senatus
661 1211 849 1290 censuisset,
873 1211 920 1272 uti
937 1211 1134 1292 quicumque
1151 1210 1223 1274 Gal-

155 1318 231 1380 liam
254 1319 453 1401 prouinoiam
479 1317 647 1400 obtineret,
681 1316 767 1399 quod
800 1316 965 1380 commodo
998 1318 1045 1379 rei
1076 1317 1223 1401 publicae

154 1423 259 1488 facere
281 1430 401 1508 posset,
424 1423 577 1488 Haeduos
601 1429 786 1505 ceterosque
810 1426 928 1487 amicos
953 1425 1065 1507 populi
1087 1425 1224 1487 Romani

93 1529 143 1594 'ao
157 1530 352 1614 defenderet,
391 1551 424 1594 se
463 1529 674 1594 Haeduorum
712 1532 847 1594 iniurias
889 1550 952 1593 non
992 1531 1222 1614 neglecturum.

129 1638 208 1700 1Ad
239 1638 319 1701 haec
350 1638 531 1701 Ariovistus
567 1638 743 1720 respondit:
781 1640 833 1701 ius
870 1656 939 1701 csse
971 1637 1060 1720 belli,
1095 1643 1131 1701 ut
1168 1639 1224 1720 qui
1241 1653 1278 1708 36

155 1745 318 1828 vicissent,
337 1746 390 1827 iis,
406 1764 486 1826 quos
505 1746 670 1826 vicissent,
694 1764 790 1827 quem
811 1744 850 1808 ad
870 1744 1002 1808 modum
1022 1745 1141 1809 vellent
1165 1745 1224 1807 im-

154 1828 309 1935 perarent.
355 1853 433 1916 item
455 1853 611 1936 populum
633 1852 814 1916 Romanum
837 1853 930 1915 victis
953 1872 1018 1914 non
1037 1852 1076 1914 ad
1093 1852 1223 1914 alterius

154 1960 399 2042 praescriptum,
420 1960 478 2023 sed
501 1959 541 2021 ad
561 1978 656 2023 suum
673 1959 839 2022 arbitrium
862 1959 1020 2043 imperare
1043 1978 1222 2022 consuesse.

128 2087 141 2129 a
155 2067 183 2127 si
198 2065 266 2148 ipse
281 2065 400 2149 populo
415 2066 559 2128 Romano
576 2085 642 2128 non
657 2065 899 2148 praescriberet,
924 2085 1020 2148 quem
1037 2065 1077 2127 ad
1092 2066 1222 2128 modum
1237 2090 1251 2131 a

155 2191 214 2235 suo
237 2173 307 2235 iure
334 2177 491 2254 uteretur,
518 2191 584 2234 non
613 2177 756 2254 oportere
781 2191 814 2235 se
838 2192 857 2234 a
879 2173 997 2255 populo
1021 2172 1164 2236 Romano
1188 2174 1224 2235 in

155 2298 213 2341 suo
236 2280 306 2342 iure
326 2279 483 2362 impediri.
529 2278 681 2343 Haeduos
698 2278 771 2361 sibi,
796 2280 948 2361 quoniam
968 2279 1044 2342 belli
1064 2279 1251 2347 fortunama

154 2391 359 2468 temptassent
381 2391 413 2449 et
436 2387 532 2448 armis
555 2387 717 2468 congressi
741 2405 777 2448 ac
801 2386 941 2468 superati
965 2390 1081 2469 essent,
1106 2388 1223 2469 stipen-

155 2491 272 2555 diarios
304 2511 373 2556 esse
405 2492 512 2556 factos.
558 2512 708 2575 magnam
732 2490 899 2556 Caesarem
931 2494 1083 2555 iniuriam
1110 2493 1251 2576 faceret

116 2618 142 2660 10
156 2600 213 2682 qui
235 2618 293 2662 suo
317 2599 457 2662 adventu
480 2600 648 2683 vectigalia
663 2598 726 2662 sibi
742 2599 898 2663 deteriora
920 2598 1045 2663 faceret.
1078 2599 1250 2669 Haeduiss

154 2725 187 2769 se
212 2706 339 2770 obsides
360 2707 561 2771 redditurum
588 2726 654 2770 non
683 2724 752 2770 esse
780 2725 885 2790 neque
908 2708 957 2770 his
981 2725 1086 2787 neque
1111 2725 1223 2770 eorum

154 2813 250 2876 sociis
273 2814 392 2876 iniuria
407 2814 535 2888 bellum
558 2814 746 2895 inlaturum,
769 2815 797 2876 si
819 2815 853 2876 in
877 2819 1112 2896 comanerent,
1137 2813 1224 2895 quod

154 2921 367 3002 convenisset,
403 2920 662 3003 stipendiumque
697 2923 869 3003 quotannis
901 2921 1091 3004 penderent3
1130 2922 1158 2983 si
1189 2920 1222 2982 id

154 3044 218 3088 nou
241 3026 406 3111 fecissent,
433 3028 528 3110 longe
552 3029 592 3091 iis
614 3027 790 3092 fraternum
812 3048 930 3092 nomen
953 3028 1064 3112 populi
1086 3028 1224 3090 Romani

115 3151 141 3192 15
155 3132 326 3197 afuturum.
373 3135 459 3216 quod
487 3136 549 3197 sibi
578 3135 693 3198 Caesar
721 3134 924 3199 denuntiaret
951 3153 985 3198 se
1012 3133 1250 3201 Haeduorume

153 3240 288 3304 iniurias
312 3259 377 3304 non
399 3241 630 3325 neglecturum,
653 3243 814 3305 neminem
830 3262 951 3306 secum.
973 3242 1223 3332 ’111181111θωὶ-

154 3348 202 3411 cie
218 3348 427 3412 contendisse.
475 3368 549 3412 cum
565 3349 673 3430 vellet,
688 3340 950 3432 congrederetur:
975 3349 1222 3431 intellecturum,
1237 3377 1250 3418 7

155 3453 233 3535 quid
257 3455 372 3518 invicti
395 3455 558 3543 Germani,
586 3457 845 3520 exercitatissimi
868 3456 902 3518 in
927 3457 1035 3539 armis,
1060 3457 1117 3537 qui
1140 3457 1224 3520 inter

154 3579 255 3624 annos
277 3560 379 3626 XIIH
401 3567 521 3626 tectum
543 3583 609 3626 non
633 3563 806 3646 subissent,
831 3565 948 3644 virtute
971 3567 1109 3647 possent.

245 3828 278 3881 12
295 3827 345 3898 illi]
368 3828 420 3897 ipsi
443 3828 504 3882 HM
547 3828 555 3900 ll
602 3831 635 3883 14
653 3830 681 3883 id
699 3831 749 3884 del.
773 3831 840 3884 Oud.
887 3829 895 3902 ll
943 3833 983 3886 16.
1010 3831 1042 3883 11
1066 3829 1102 3883 Μ.
1126 3829 1223 3883 Pisone

158 3916 272 3985 Gland.;
292 3917 330 3971 .L.
349 3917 440 3986 pisone
458 3919 494 3971 X>
523 3916 531 3990 Η
568 3919 603 3974 20
621 3934 650 3972 se
669 3920 719 3973 dal.
746 3920 824 3973 Vasa.

242 4042 288 4097 36.
309 4042 325 4095 2
347 4042 379 4095 iis
401 4043 441 4096 ed.
461 4045 488 4111 13
507 4043 549 4097 his
567 4044 598 4098 X
632 4043 640 4116 ll
678 4045 880 4114 3itemeol.1;
899 4045 970 4099 idem
992 4045 1038 4099 uel
1055 4044 1082 4098 id
1104 4046 1146 4099 est
1166 4043 1197 4097 X
1214 4042 1224 4115 ll

154 4131 284 4201 deneng
320 4129 329 4203 ll
367 4134 398 4185 11
418 4132 461 4185 his
479 4132 519 4201 X3
543 4133 575 4186 iis
595 4135 672 4202 plor.
696 4135 753 4188 edd.
791 4133 800 4206 ll
839 4135 872 4188 12
890 4135 987 4189 iniuria
1005 4153 1035 4203 a,
1059 4133 1161 4188 iniuriis
1179 4140 1198 4202 β
1214 4131 1224 4205 ΙΙ

156 4221 188 4273 13
208 4219 395 4274 conuenissent
412 4220 510 4290 A¹Qls
535 4224 544 4292 ll
578 4225 612 4275 14
629 4223 662 4278 iis
680 4224 719 4278 cd.
739 4225 767 4293 13
787 4224 829 4277 his
848 4224 879 4277 X
907 4226 916 4294 ll
949 4225 983 4279 18
1001 4224 1071 4278 intra
1088 4222 1162 4292 ΒΨ
