2924 4808
526 347 633 401 LIBER
651 349 684 401 V.
705 348 780 402 CAP.
801 349 922 403 53-56.
1194 334 1254 395 131

189 518 257 574 tum
281 511 366 594 apud
391 512 535 574 homines
561 511 712 574 barbaros
739 511 840 574 valuit
868 530 936 575 esse
965 512 1088 594 aliquos
1116 516 1257 594 repertos

187 619 349 701 principes
377 618 452 681 belli
480 619 639 682 inferendi
666 623 850 700 tantamque
879 618 1028 681 omnibus
1056 618 1256 680 voluntatum

149 750 174 790 ra
189 727 470 788 commutationem
504 725 620 808 attulit,
658 729 694 787 ut
725 731 852 807 praeter
883 725 1036 789 Haeduos
1068 730 1099 788 et
1131 723 1255 807 Remos,

189 851 269 914 quos
292 834 463 915 praecipuo
488 851 612 914 semper
635 832 754 894 honore
775 829 890 895 Caesar
913 832 1036 913 habuit,
1060 832 1175 895 alteros
1199 852 1255 914 pro

188 945 296 1002 vetere
320 957 356 1001 ao
379 943 531 1021 perpetua
554 958 629 1021 erga
652 938 807 1020 populum
829 939 1011 1002 Romanurn
1037 937 1111 1021 fide,
1141 938 1255 1002 alteros

187 1065 244 1128 pro
268 1045 451 1109 recentibus
476 1045 590 1108 Gallici
606 1045 684 1107 belli
700 1044 825 1127 officiiS,
849 1045 938 1108 nulla
952 1046 1017 1109 fere
1034 1047 1145 1108 civitas
1160 1045 1256 1108 fuerit

188 1172 252 1215 non
277 1158 422 1235 suspecta
446 1152 548 1215 nobis.
595 1152 693 1234 idque
718 1153 795 1215 adeo
824 1152 910 1215 haud
938 1154 1002 1215 scio
1030 1152 1282 1217 mirandumnea

151 1280 174 1322 ao
189 1261 240 1339 sit,
265 1278 338 1321 cnm
362 1259 581 1341 compluribus
605 1259 676 1322 aliis
701 1259 739 1321 de
763 1260 882 1337 causis,
906 1264 976 1321 tum
991 1261 1144 1342 maxime,
1170 1259 1255 1340 quod

189 1367 244 1448 qui
268 1367 385 1429 virtute
409 1365 485 1428 belli
509 1365 658 1428 omnibus
674 1365 821 1449 gentibus
840 1366 1107 1448 praeferebantur,
1132 1371 1256 1428 tantum

188 1492 221 1536 se
246 1473 317 1536 eius
341 1474 501 1556 opinionis
526 1472 754 1555 deperdidisse,
779 1478 815 1535 ut
836 1472 946 1555 populi
964 1473 1100 1535 Romani
1123 1474 1256 1556 imperia

187 1579 376 1662 perferrent,
398 1581 585 1662 gravissime
610 1579 765 1642 dolebant.

165 1709 176 1747 1
277 1686 406 1749 Treveri
428 1704 505 1749 vero
524 1691 620 1767 atque
635 1685 873 1749 Indutiomarus
889 1688 986 1749 totius
1002 1686 1114 1749 hiemis
1130 1686 1257 1748 nullum
1274 1701 1310 1756 aa

190 1801 315 1877 tempus
338 1794 593 1873 intemnserunt,
622 1793 699 1873 quin
725 1797 811 1855 trans
834 1793 983 1855 Rhenum
1005 1792 1125 1876 legatos
1152 1794 1256 1856 mitte-

189 1907 271 1983 rent,
297 1889 443 1964 civitates
467 1900 686 1981 sollicitarent,
710 1901 862 1982 pecunias
877 1900 1116 1983 pollicerentur,
1141 1919 1256 1983 magna

189 2013 277 2090 parte
301 2009 462 2070 exercitus
485 2008 585 2069 nostri
608 2006 773 2069 interiecta
795 2007 896 2069 multo
912 2009 1069 2070 minorem
1091 2026 1255 2090 superesse

166 2115 331 2178 adicerent
346 2119 475 2196 partem.
521 2132 627 2196 neque
656 2119 762 2177 tamen
789 2114 848 2175 ulli
877 2115 996 2178 civitati
1025 2114 1283 2178 Germanoruma

190 2221 374 2304 persuaderi
398 2223 515 2304 potuit,
540 2225 575 2283 ut
598 2219 747 2284 Rhenum
772 2223 932 2303 transiret,
961 2241 1034 2284 cum
1063 2240 1096 2284 se
1124 2221 1173 2284 bis
1201 2241 1256 2285 err·

190 2334 295 2411 partos
325 2328 478 2409 dicerent,
506 2329 658 2390 Ariovisti
687 2327 770 2390 bello
798 2334 828 2391 et
854 2329 1078 2392 Tencterorum
1105 2330 1253 2390 transitu:

190 2455 252 2498 non
277 2454 346 2498 esse
371 2435 507 2517 amplius
536 2425 696 2497 fortunam
726 2440 941 2517 temptaturos.
988 2436 1047 2497 hac
1070 2455 1125 2516 spe
1149 2435 1283 2518 lapsuse

190 2543 427 2605 Indutiomarus
451 2542 553 2604 nihilo
569 2543 676 2604 minus
696 2543 801 2624 copias
818 2560 942 2625 cogere,
967 2560 1127 2622 exercere,
1151 2540 1255 2603 afini-

158 2667 178 2708 rc
191 2651 274 2712 timis
298 2668 398 2731 equos
421 2668 545 2731 parare,
574 2648 685 2712 exules
714 2650 943 2729 damnatosque
971 2653 1036 2711 tota
1060 2648 1162 2711 Gallia
1189 2669 1255 2710 ma-

190 2758 258 2838 gnis
281 2757 430 2839 praemiis
454 2756 494 2818 ad
517 2775 551 2818 se
575 2756 712 2818 adlicere
737 2757 848 2838 coepit.
895 2775 931 2818 ac
959 2760 1079 2818 tantam
1107 2755 1168 2818 sibi
1191 2756 1282 2817 iarun

192 2863 236 2925 his
259 2862 356 2925 rebus
379 2863 413 2924 in
432 2863 534 2925 Gallia
554 2864 770 2925 auctoritatem
788 2870 1035 2945 comparaverat,
1060 2867 1096 2924 ut
1112 2862 1254 2942 undique

191 2970 226 3031 ad
250 2989 325 3033 eum
348 2969 531 3058 legationes,
548 2975 787 3048 concurrerent,
811 2971 944 3051 gratiam
964 2974 1058 3050 atquc
1083 2969 1254 3031 amicitiam

171 3075 314 3157 rpublice
338 3077 551 3158 privatimque
575 3081 724 3158 peterent.
770 3075 835 3139 Ubi
859 3076 1019 3139 intellexit
1046 3076 1128 3138 ultro
1157 3076 1197 3138 ad
1221 3095 1254 3139 se
1272 3089 1309 3144 5ss

192 3185 304 3264 veniri,
333 3183 431 3246 altera
459 3203 501 3246 ex
527 3189 615 3265 parte
644 3183 784 3246 Senones
813 3183 1033 3264 Carnutesque
1060 3184 1255 3246 conscientia

192 3289 337 3353 facinoris
371 3290 529 3372 instigari,
562 3289 661 3354 altera
695 3289 832 3353 Nervios
859 3292 1101 3373 Atuatucosque
1134 3290 1255 3354 bellum

192 3394 339 3460 Romanis
365 3417 476 3479 parare
500 3415 604 3478 neque
632 3396 693 3460 sibi
722 3398 975 3460 voluntariorum
1003 3398 1110 3480 copias
1139 3397 1255 3480 defore,

172 3504 216 3564 tsi
238 3523 279 3567 ex
302 3503 421 3567 finibus
445 3505 512 3567 suis
534 3504 684 3587 progredi
707 3505 874 3586 coepisset,
903 3510 1060 3567 armatum
1083 3506 1256 3568 concilium

277 3734 310 3786 13
329 3732 430 3801 ahquos
450 3749 543 3803 essee
575 3734 583 3802 lt
617 3735 650 3786 14
668 3733 798 3786 inferendi
816 3733 879 3787 belli
893 3753 910 3784 a
942 3734 951 3802 ΙΙ
983 3736 1135 3800 omniumr!
1166 3734 1175 3801 ll
1206 3749 1254 3787 uo·

194 3818 319 3876 luntatum
333 3822 413 3891 2M²3
432 3821 597 3876 uoluntatem
616 3842 650 3892 ‹p3
670 3821 851 3889 uoluntatisd
882 3823 890 3890 ΙΙ
923 3823 957 3876 20
977 3839 1038 3875 oum
1056 3829 1139 3888 ohad
1170 3824 1179 3892 ll
1211 3822 1254 3877 20.

195 3907 221 3962 21
242 3912 309 3979 quod
329 3913 353 3965 ei
372 3913 417 3980 qui
437 3932 453 3964 u
486 3914 494 3975 tl
527 3911 561 3964 22
580 3911 670 3980 populi
689 3912 790 3965 romani
810 3913 865 3977 (acl
884 3930 909 3980 .p
921 3914 958 3980 i'.)
981 3911 1030 3979 Sb3
1049 3928 1065 3964 a
1083 3911 1113 3964 P.
1126 3911 1158 3964 R.
1179 3931 1196 3963 a

274 4003 320 4056 55.
342 4004 355 4053 1
375 4002 469 4054 treuiri
488 4000 577 4068 abui)
610 4002 618 4070 Η
650 4003 829 4056 6transi1ent
853 4002 930 4056 Vuae.
964 4002 972 4070 lt
1009 4001 1254 4054 lthinctherurum

196 4106 220 4155 ας
237 4091 419 4144 tencherorum
440 4110 461 4142 π
493 4091 501 4158 l
533 4091 628 4144 8esse
647 4090 686 4158 X3
706 4107 765 4144 sese
784 4091 847 4144 HM
883 4093 892 4160 ΙΙ
932 4091 1114 4160 temptandam
1133 4109 1156 4142 π
1192 4090 1201 4158 tl
1237 4090 1255 4144 9

195 4175 384 4233 induciomarus
398 4179 437 4248 χῖ
463 4180 471 4247 ΙΙ
505 4180 538 4232 12
557 4180 625 4232 iish
657 4182 665 4249 tl
697 4181 724 4232 in
743 4180 885 4248 galliamss

275 4269 320 4324 56.
341 4268 357 4320 2
376 4271 549 4336 carnotesque
569 4288 590 4320 π
623 4272 630 4340 ll
663 4270 824 4338 Sinstigara
843 4269 886 4336 Δβ
916 4270 925 4338 l
957 4270 1155 4338 aduatucosque
1174 4288 1192 4321 a

1057 4357 1092 4413 9*
