2924 4808
507 313 615 367 mnae
637 314 658 366 1.
683 313 759 367 oar.
779 313 866 367 5-8.
1201 299 1219 360 5

120 502 134 541 1
240 474 367 539 Caesari
390 495 464 538 oum
486 476 520 538 id
543 477 726 540 nuntiatum
749 481 845 558 esset,
869 495 924 540 eos
946 495 1003 559 per
1023 477 1255 559 provinciam-l

45 578 57 599 '
148 587 290 646 nostram
316 584 378 646 iter
399 584 503 646 facere
528 585 649 665 conari,
676 588 815 645 maturat
838 584 881 661 ab¹
901 583 980 646 urbe
1003 583 1161 667 proficisci
1189 590 1221 647 et

150 710 247 771 quam
278 692 428 753 maximis
458 695 562 773 potest
593 691 763 753 itineribus
796 692 831 752 111
866 689 1001 753 Galliam
1036 690 1220 754 ulteriorem

150 797 314 860 contendit
336 804 368 860 et
391 798 431 859 ad
455 797 618 860 Genavam
640 798 795 880 pervenit.
837 799 1019 879 provinciae
1043 799 1101 860 toti
1124 796 1274 878 quama'

120 927 135 968 5
149 905 327 966 maximum
341 909 445 987 potest
459 904 600 966 militum
615 891 786 966 numerum
801 905 948 986 imperat,
973 943 1014 950 -
1036 909 1103 967 erat
1119 906 1220 966 omni-

149 1030 192 1073 no
215 1012 251 1072 in
268 1009 371 1073 Gallia
393 1011 543 1092 ulteriore
567 1011 650 1094 legio
675 1031 753 1092 una,
777 1047 820 1056 —
843 1016 986 1093 pontem,
1011 1012 1066 1091 qui
1089 1017 1157 1074 erat
1180 1011 1220 1072 ad

150 1117 328 1200 Genavam,
355 1118 445 1181 iubet
471 1118 618 1181 rescindi.
664 1117 721 1179 ubi
749 1117 788 1180 de
818 1118 887 1180 eius
915 1118 1056 1181 adventu
1078 1117 1247 1182 Helvetiis

150 1226 300 1288 certiores
327 1226 402 1288 facti
425 1230 513 1307 sunt,
541 1225 662 1307 legatos
691 1226 731 1287 ad
754 1244 828 1288 eum
851 1226 983 1287 mittunt
1004 1224 1220 1288 nobilissimos

150 1333 299 1411 civitatis,
324 1333 415 1394 cuius
440 1331 609 1414 legationis
629 1332 817 1395 Nammeius
838 1337 870 1395 et
890 1331 1114 1395 Verucloetius
1133 1333 1220 1414 prin-

107 1462 135 1502 10
149 1439 253 1521 cipem
275 1438 383 1501 locum
406 1439 604 1520 obtinebant,
633 1440 689 1520 qui
712 1439 855 1502 dicerent
877 1438 939 1501 sibi
962 1458 1031 1501 1331
1053 1440 1088 1500 in
1113 1439 1220 1501 animo

150 1547 218 1608 sine
245 1545 312 1607 ullo
340 1545 496 1609 maleficio
525 1546 586 1608 iter
611 1565 669 1628 per
691 1547 889 1628 provinciam
911 1546 1027 1626 facere,
1054 1551 1221 1628 propterea

150 1651 237 1733 quod
264 1652 350 1714 aliud
373 1653 434 1714 iter
456 1653 611 1715 haberent
635 1653 773 1715 nullum:
802 1671 928 1736 rogare,
956 1657 993 1714 ut
1016 1653 1084 1714 eius
1108 1652 1221 1714 volun·

149 1764 213 1821 tate
245 1758 279 1820 id
310 1759 371 1821 sibi
397 1759 499 1823 facere
528 1759 629 1822 liceat.
681 1759 810 1841 Caesar,
839 1760 924 1840 quod
950 1760 1105 1822 memoria
1132 1763 1248 1822 tene-4

148 1866 204 1928 bat
231 1865 265 1928 L.
290 1863 433 1928 Cassium
461 1866 625 1929 consulem
654 1867 794 1928 occisum
818 1867 1058 1946 exercitumque
1084 1867 1152 1928 eius
1181 1865 1219 1927 ab

106 1995 136 2035 15
149 1972 307 2035 Helvetiis
341 1972 470 2054 pulsum
502 1978 534 2036 et
566 1972 625 2035 sub
658 1974 771 2054 iugum
798 1974 944 2054 missum,
980 1973 1221 2035 eoncedendum

150 2098 216 2141 non
246 2079 390 2162 putabat,
423 2098 529 2161 neque
557 2080 711 2142 homines·
730 2081 860 2142 inimico
889 2080 994 2141 animo
1024 2080 1097 2141 data
1122 2079 1248 2142 facul-e

150 2191 214 2249 tate
248 2205 306 2269 per
339 2188 536 2268 provinciam
570 2188 693 2250 itineris
731 2187 874 2249 faciundi
912 2192 1141 2269 temperaturos
1181 2186 1220 2249 ab

149 2294 268 2355 iniuria
295 2298 327 2356 et
352 2292 509 2356 maleficio
539 2293 747 2356 existimabat.
796 2298 917 2374 tamen,
946 2299 981 2355 ut
1008 2295 1145 2375 spatium
1172 2295 1248 2358 in-e

150 2400 312 2462 tercedere
344 2405 462 2482 posset,
500 2400 577 2462 dum
608 2400 738 2482 milites,
776 2419 856 2481 quos
889 2401 1113 2482 imperaverat,
1147 2419 1221 2461 con-

106 2507 311 2588 aovenirent,
351 2506 463 2589 legatis
500 2508 664 2589 respondit
701 2508 795 2580 (111111,
823 2526 856 2569 31
898 2507 938 2569 ad
978 2506 1221 2569 deliberandum

150 2618 368 2695 sumpturum:
393 2615 421 2676 si
446 2614 523 2694 quid
546 2614 679 2696 vellent,
703 2615 743 2676 ad
766 2614 812 2676 Id.
828 2613 929 2696 April.
976 2617 1219 2677 reverterentur.

120 2720 278 2783 ilnterea
306 2740 343 2783 ea
370 2720 509 2803 legione,
544 2740 640 2802 quarn
668 2740 777 2783 secum
807 2720 958 2801 habebat,
992 2719 1257 2800 militibusque,8

150 2827 208 2908 qui
236 2846 277 2889 ex
304 2828 468 2910 provincia
495 2832 723 2908 convenerant,
755 2848 774 2888 a
800 2827 874 2890 lacu
900 2827 1076 2909 Lemanno,
1105 2827 1161 2908 qui
1188 2827 1221 2888 in

148 2932 272 2996 flumen
299 2931 491 2996 Rhodanum
519 2933 637 3016 influit,
667 2935 706 2996 ad
733 2940 876 2997 montem
903 2934 1024 3015 Iuram,
1058 2936 1114 3015 qui
1140 2933 1222 2996 fines

150 3039 375 3120 Sequanorum
403 3042 441 3103 ab
465 3039 624 3104 Helvetiis
648 3041 774 3123 dividit,
802 3041 892 3102 milia
915 3061 1067 3123 passuum
1090 3039 1222 3102 XVIIII

10 3180 12 3185 ·
120 3166 280 3210 amurum
311 3148 345 3209 in
379 3147 580 3210 altitudinem
611 3148 730 3230 pedum
763 3148 900 3210 sedecim
935 3148 1116 3228 fossamque
1151 3166 1221 3229 per-

151 3252 247 3315 ducit.
287 3273 324 3316 eo
350 3273 443 3336 opere
467 3253 605 3336 perfecto
628 3255 788 3336 praesidia
811 3252 962 3336 disponit,
985 3254 1114 3316 castella
1138 3273 1250 3317 com-a

149 3361 268 3439 munit,
293 3380 356 3441 quo
369 3360 513 3441 facilius,
536 3362 563 3423 si
582 3380 616 3424 31
639 3362 741 3423 invito
764 3362 899 3423 transire
924 3366 1127 3443 conarentur,
1151 3380 1223 3443 pro-

149 3466 263 3529 hibere
290 3472 405 3549 posset.
452 3467 507 3529 ubi
542 3486 580 3530 ea
608 3468 688 3546 dies,
722 3487 818 3548 quarn
846 3468 1053 3531 constituerat
1081 3487 1155 3530 cum
1177 3467 1250 3532 le·3

150 3574 246 3654 gatiS,
274 3575 363 3636 venit
386 3579 416 3636 et
438 3574 534 3656 legati
558 3575 693 3638 adeum
716 3578 930 3656 reverterunt,
960 3581 1054 3657 negat
1077 3593 1110 3638 se
1133 3594 1222 3638 more

105 3701 136 3742 10
150 3683 185 3742 et
207 3680 353 3763 exemplo
377 3679 487 3763 populi
509 3680 646 3743 Romani
667 3701 760 3764 posse
783 3683 843 3744 iter
866 3681 924 3743 ulli
946 3701 1003 3764 per
1025 3682 1223 3764 provinciam

242 3946 299 4000 7.5
319 3947 406 4013 potest
424 3945 474 3997 del.
490 3945 581 3998 Helm.
620 3944 628 4016 ll
665 3947 855 4015 9nameiusp
892 3944 900 4016 ll
936 3946 1106 3999 uerudoetius
1120 3944 1178 4010 B²p
1214 3944 1223 4016 ll
1274 3910 1278 3920 Ι

150 4034 176 4087 9.
189 4033 223 4088 10
233 4033 379 4102 prinoipem
389 4052 422 4100 n,
441 4033 590 4102 principum
601 4054 634 4105 ap
672 4034 680 4106 ll
715 4037 747 4088 15
758 4035 820 4105 iugo
830 4035 915 4105 ρίίβὲ)
953 4034 961 4105 ll
1000 4037 1031 4087 17
1042 4034 1154 4087 faciendi
1164 4033 1224 4087 Abla

241 4141 268 4194 8.
289 4140 306 4192 2
325 4141 370 4208 qui
388 4140 416 4191 in
430 4140 470 4207 X;
489 4157 541 4209 qua
556 4141 583 4192 in
597 4141 688 4194 Helm.
727 4141 735 4212 ll
772 4143 790 4194 4
807 4142 916 4195 XVIIII
931 4142 1001 4209 HM,
1020 4142 1112 4194 decem
1125 4157 1223 4194 nouem

149 4227 182 4280 X
216 4226 224 4299 ll
259 4228 276 4282 8
295 4231 385 4297 posset
405 4229 483 4299 M²93
502 4230 588 4298 possit
607 4250 648 4281 cm

1256 4406 1392 4524 A
