2924 4808
208 285 272 346 128
603 297 709 351 BELLI
727 297 870 352 alamur

208 480 319 525 omnes
342 465 447 544 partes
468 461 608 523 dimissis
624 460 780 543 explorat,
805 479 868 542 quo
885 458 1139 522 commodissime
1162 460 1278 522 itinere

147 575 191 630 50
210 567 325 630 vallem
348 568 482 630 transire
507 567 612 649 possit.
658 565 705 628 Eo
730 566 780 628 dic
802 566 945 649 parvulis
969 565 1171 647 equestribus
1186 585 1306 649 proc-r

208 675 260 737 liis
293 674 333 736 ad
365 693 483 755 aquam
513 674 604 736 factis
637 673 767 755 utrique
800 692 869 737 sese
902 692 959 735 suo
992 673 1061 735 loco
1097 673 1277 736 continent:

179 780 304 861 aGalli,
328 780 413 862 quod
438 780 605 862 ampliores
628 780 747 862 copias,
776 798 858 861 quae
881 779 1026 842 nondum
1053 784 1279 860 convenerant,

176 887 431 970 aexpectabant,
467 885 593 968 Caesar,
627 887 654 949 si
680 886 759 949 forte
787 887 910 949 timoris
938 886 1142 949 simulatione
1171 886 1279 950 hostes

209 995 244 1055 in
267 1013 362 1056 suum
386 993 492 1056 locum
516 993 631 1056 elicere
654 998 771 1075 posset,
795 998 831 1056 ut
854 993 935 1056 citra
957 992 1073 1056 vallem
1093 1012 1149 1074 pro
1166 994 1306 1071 castrias

208 1100 328 1183 proelio
352 1101 570 1178 contenderet,
603 1100 630 1162 si
653 1099 686 1162 id
710 1099 835 1163 efficere
863 1119 928 1162 non
957 1104 1075 1182 posset,
1103 1106 1141 1162 ut
1168 1099 1280 1182 explo-

208 1208 286 1270 ratis
318 1207 487 1270 itineribus
521 1208 644 1270 minore
678 1226 751 1269 curn
783 1207 925 1289 periculo
958 1206 1074 1268 vallem
1106 1207 1280 1288 rivumque

178 1315 366 1378 atransirct.
411 1315 514 1397 prima
537 1313 608 1376 luce
632 1314 771 1375 hostium
795 1314 955 1394 equitatus
979 1313 1019 1375 ad
1035 1317 1137 1376 castra
1157 1313 1280 1377 accedit

176 1445 195 1484 a
210 1420 433 1502 proeliumque
467 1439 540 1482 cum
572 1420 689 1483 nostris
726 1419 889 1501 equitibus
926 1420 1101 1482 committit.
1163 1419 1280 1483 Caesar

208 1526 355 1589 consulto
389 1527 513 1608 equites
546 1526 657 1590 cedere
690 1544 788 1607 seque
815 1527 850 1588 in
879 1531 980 1589 castra
1007 1527 1148 1609 recipere
1180 1526 1279 1606 iubet,
1294 1548 1320 1589 10

208 1633 305 1695 simul
337 1652 380 1696 ex
412 1633 560 1697 omnibus
593 1614 734 1715 partibus
768 1638 869 1696 castra
897 1633 1008 1696 altiore
1040 1632 1124 1695 vallo
1157 1633 1279 1695 muniri

209 1744 379 1822 portasque
404 1740 525 1803 obstrui
548 1746 644 1821 atque
667 1741 701 1802 in
724 1740 774 1802 his
791 1739 1048 1802 administrandis
1066 1739 1164 1802 rebus
1181 1759 1279 1820 quam

210 1846 351 1909 maxime
375 1848 558 1910 concursari
581 1852 613 1909 et
636 1865 709 1908 cum
733 1846 935 1910 simulatione
959 1846 1010 1928 agi
1032 1847 1156 1908 timoris
1179 1845 1278 1910 iubet.

149 1967 191 2020 51
211 1950 334 2026 Quibus
369 1952 517 2015 omnibus
550 1952 646 2016 rebus
677 1953 784 2016 hostes
815 1953 942 2016 invitati
970 1953 1075 2036 copias
1105 1952 1305 2016 traducuntr

183 2060 376 2139 racicmque
399 2060 509 2140 iniquo
533 2059 602 2123 loco
626 2061 837 2140 constituunt,
864 2060 981 2123 nostris
1008 2078 1084 2122 vero
1114 2061 1210 2123 etiam
1239 2060 1278 2123 de

212 2165 294 2228 vallo
319 2166 463 2229 deductis
487 2167 617 2248 propius
641 2167 797 2230 accedunt
820 2173 851 2228 et
873 2167 935 2229 tela
957 2167 1042 2228 intra
1064 2168 1279 2230 munitionem

178 2290 254 2335 aen
270 2272 418 2335 omnibus
438 2273 578 2355 partibus
597 2274 737 2337 coiciunt
751 2273 1028 2356 praeconibusque
1048 2274 1278 2337 circummissis

210 2379 412 2461 pronuntiari
442 2380 567 2462 iubent,
601 2399 658 2443 seu
686 2381 758 2461 quis
786 2379 896 2444 Gallus
924 2399 980 2442 seu
1008 2379 1172 2443 Romanus
1200 2381 1305 2444 velita

209 2491 283 2549 ante
307 2486 417 2548 horam
440 2487 565 2549 tertiam
593 2487 632 2549 ad
661 2506 695 2550 se
719 2487 868 2568 transire,
897 2488 966 2550 sine
994 2487 1136 2570 periculo
1164 2486 1276 2567 licere3

178 2599 281 2674 apost
303 2593 336 2654 id
359 2597 483 2675 tempus
506 2612 570 2656 non
593 2594 659 2656 fore
682 2598 877 2675 potestatem.
924 2613 961 2655 ac
984 2594 1029 2655 sic
1052 2598 1178 2656 nostros
1201 2613 1278 2657 oon·

209 2704 418 2781 tempserunt,
442 2705 478 2762 ut
502 2700 672 2763 obstructis
695 2701 730 2762 in
753 2701 890 2782 speciem
913 2701 1010 2782 portis
1034 2700 1170 2782 singulis
1194 2701 1278 2764 ordi-

210 2806 306 2868 nibus
330 2807 518 2888 caespitum,
544 2806 629 2887 quod
653 2825 691 2869 ea
713 2825 778 2869 non
806 2825 899 2888 posse
927 2808 1160 2888 introrumpere
1189 2807 1277 2870 vide-

210 2912 339 2994 bantur,
368 2913 423 2975 alii
447 2912 567 2975 vallum
595 2932 693 2975 manu
721 2913 879 2993 scindere,
908 2913 964 2975 alii
990 2911 1091 2975 fossas
1119 2914 1317 2996 complerem

177 3020 396 3102 sinciper'ent.
448 3025 516 3083 tum
545 3017 660 3082 Caesar
688 3020 838 3082 omnibus
866 3020 964 3102 portis
997 3020 1163 3102 eruptione
1195 3020 1278 3084 facta

210 3127 419 3207 equitatuque
443 3127 558 3190 emisso
583 3125 729 3189 celeriter
752 3126 858 3189 hostes
881 3127 914 3187 in
937 3126 1046 3207 fugam
1070 3125 1135 3207 dat,
1160 3127 1206 3189 sic
1229 3128 1277 3190 uti

210 3233 341 3295 omnino
364 3233 529 3314 pugnandi
557 3251 653 3295 causa
674 3234 834 3296 resisteret
857 3252 962 3315 nemo,
990 3252 1208 3316 magnumque
1236 3252 1278 3297 ex

210 3339 249 3400 iis
272 3357 444 3403 numerum
468 3338 583 3401 occidit
605 3344 700 3420 atque
725 3358 835 3402 omnes
859 3340 953 3402 armis
978 3341 1075 3402 exuit.

149 3456 192 3510 52
299 3443 440 3526 Longius
462 3447 613 3527 prosequi
633 3445 765 3525 veritus,
790 3445 875 3527 quod
895 3446 993 3509 silvae
1012 3447 1209 3529 paludesque
1228 3448 1301 3509 in-1

211 3550 414 3614 tercedebant
429 3550 545 3636 [neque
565 3553 660 3615 etiam
674 3552 808 3635 parvulo
824 3553 1012 3616 detrimento
1026 3553 1156 3615 illorum
1170 3554 1276 3617 locum

300 3726 330 3778 21
352 3727 599 3794 commodissimop
631 3728 638 3795 ll
672 3728 705 3779 22
724 3726 807 3780 ualles
827 3727 914 3797 (uallis
934 3727 966 3796 S)
986 3748 1003 3779 c
1035 3730 1044 3794 ll
1076 3731 1202 3797 possetss

298 3815 344 3869 to.
364 3815 380 3866 2
399 3831 457 3869 sese
477 3834 507 3882 ‘²3
527 3831 555 3868 se
573 3816 636 3882 ina
666 3817 674 3884 Η
705 3817 838 3870 deficere
852 3835 883 3884 α;
902 3818 993 3884 11θ11β
1025 3819 1033 3887 ll
1065 3817 1277 3875 lminorecum

206 3923 240 3971 «3
260 3904 360 3956 minore
381 3922 414 3970 ⁷¹3
434 3921 449 3957 a
468 3904 602 3973 minorep
634 3904 642 3972 ll
676 3906 707 3957 11
728 3906 867 3971 munires
897 3908 906 3975 ll
940 3907 972 3959 13
991 3905 1065 3960 iubet
1083 3907 1133 3960 dcl.
1154 3907 1246 3961 *Paul

297 3994 343 4047 51.
364 3993 380 4044 2
399 3994 432 4046 de
452 4009 515 4058 u3e
533 3999 550 4059 β
585 3992 594 4060 ΙΙ
631 3995 713 4046 bseu
733 3994 791 4062 quis
811 4010 935 4047 romanus
953 4001 970 4061 β
1002 3996 1010 4064 ll
1042 3996 1123 4049 beas
1142 4016 1160 4047 c
1197 3998 1206 4068 q
1244 3995 1276 4049 12

204 4083 255 4136 dat
273 4083 364 4135 hostes
382 4083 410 4134 in
429 4081 553 4150 fugamp
584 4083 592 4151 ll
625 4084 689 4148 utss
720 4083 728 4150 ll
763 4085 795 4134 14
813 4083 846 4136 iis
866 4083 903 4151 A3
923 4083 961 4137 eis
980 4101 1015 4154 qq
1035 4085 1077 4137 his
1100 4084 1140 4152 Qp

297 4171 343 4226 52.
364 4173 375 4222 l
391 4171 515 4239 prosequi
528 4169 624 4240 noluit,
638 4171 738 4223 ueritus
750 4178 767 4237 p
789 4177 797 4239 ll
822 4173 838 4225 2
851 4171 927 4226 illum
941 4173 993 4226 SM
998 4172 1019 4239 23
1033 4173 1118 4226 ullum
1133 4173 1276 4241 Lambia.3

203 4276 318 4314 ,suorum
336 4260 432 4314 daria.
465 4259 473 4327 ll
504 4259 594 4314 locum
613 4276 659 4315 eos
677 4267 694 4327 β
