2924 4808
203 276 265 337 118
601 290 706 343 BELLI
730 290 870 345 GALLICI

201 454 270 516 loco
293 453 474 516 faciendum
488 459 572 517 esset
589 453 756 536 providere
779 458 920 536 possent,
944 455 1106 518 iusserunt
1124 474 1269 537 pronun-

202 561 286 640 tiari,
314 565 350 622 ut
372 560 600 643 impedimenta
626 559 846 640 relinquerent
873 567 968 642 atque
995 562 1031 622 in
1059 561 1167 624 orbem
1196 580 1270 624 con·

174 667 357 730 asisterent.
405 667 490 747 quod
514 667 683 729 consilium
707 668 765 729 etsi
794 667 829 729 in
853 668 922 730 eius
949 666 1037 729 modi
1060 687 1136 731 casu
1163 687 1271 751 repre-

174 773 407 838 shendendum
435 791 501 835 non
525 779 585 854 est,
613 779 721 836 tamen
747 775 949 837 incommode
978 774 1106 837 cecidit:
1135 795 1211 836 nam
1240 781 1272 837 et

201 881 319 943 nostris
341 880 496 942 militibus
520 899 609 963 spem
632 881 749 943 minuit
776 886 808 943 61
835 881 941 944 hostes
969 881 1010 943 ad
1036 901 1178 964 pugnam
1206 881 1313 946 ala-15

202 988 319 1049 oriones
343 987 461 1067 effecit,
490 988 577 1068 quod
600 1006 666 1050 non
689 988 759 1050 sine
782 1007 907 1050 summo
931 990 1044 1052 timore
1069 993 1101 1052 et
1124 989 1271 1071 despera-

175 1094 289 1158 ctione
314 1093 347 1155 id
369 1093 488 1156 factum
517 1093 692 1157 videbatur.
738 1099 902 1177 praeterea
929 1095 1056 1177 accidit,
1086 1095 1172 1176 quod
1200 1094 1272 1158 fieri

203 1219 330 1262 necesse
355 1206 434 1282 erat,
458 1206 494 1263 ut
517 1201 613 1283 vulgo
638 1201 755 1263 milites
779 1201 818 1264 ab
834 1203 934 1283 signis
951 1202 1152 1265 discederent
1175 1221 1272 1284 quae-

203 1325 265 1388 que
298 1308 435 1389 quisque
467 1326 578 1370 eorum
611 1309 774 1370 carissima
805 1308 936 1372 haberet
968 1308 1006 1371 ab
1034 1309 1273 1392 impedimentis

203 1419 309 1494 petere
334 1419 429 1495 atque
454 1414 592 1497 arripere
615 1419 810 1497 properaret,
837 1415 975 1478 clamore
1004 1421 1035 1477 et
1061 1414 1140 1478 fletu
1164 1417 1273 1478 omnia
1288 1436 1315 1478 ao

148 1537 184 1591 34
204 1519 446 1602 complerentur.
497 1522 541 1583 At
568 1521 711 1584 barbaris
743 1521 912 1583 consilium
945 1541 1010 1584 non
1043 1522 1150 1585 defuit.
1197 1541 1300 1584 nami

204 1626 301 1689 duces
325 1645 436 1689 eorum
459 1632 524 1690 tota
547 1629 613 1690 acie
636 1615 838 1711 pronuntiari
861 1629 1036 1710 iusserunt,
1064 1648 1105 1692 ne
1135 1629 1207 1710 quis
1233 1629 1272 1691 ab

204 1734 273 1796 loco
298 1734 486 1798 discederet:
511 1735 640 1797 illorum
664 1754 732 1798 esse
756 1735 907 1818 praedam
923 1740 1018 1816 atque
1035 1735 1100 1798 illis
1115 1736 1273 1798 reservari

205 1859 425 1923 quaecumque
437 1840 575 1903 Romani
590 1843 808 1923 reliquissent3
825 1842 959 1923 proinde
972 1843 1079 1904 omnia
1091 1843 1126 1904 in
1138 1842 1273 1905 victoria

176 1947 306 2029 aposita
330 1949 556 2010 existimarent.
597 1947 698 2031 [erant
722 1955 753 2012 et
776 1949 894 2011 virtute
911 1954 943 2012 61
957 1967 1091 2012 numero
1107 1948 1274 2031 pugnandi
1288 1969 1301 2010 6

204 2052 316 2136 pares]
341 2055 441 2116 nostri
464 2056 588 2117 tametsi
617 2056 655 2118 ab
680 2055 760 2118 duce
784 2060 816 2119 et
839 2075 858 2117 a
879 2055 1008 2118 fortuna
1036 2055 1274 2136 deserebantur,

205 2165 311 2221 tamen
336 2179 463 2223 omnem
486 2181 575 2243 spem
598 2162 710 2224 salutis
739 2163 774 2224 in
796 2163 915 2225 virtute
940 2162 1111 2244 ponebant,
1140 2167 1171 2224 et
1195 2181 1275 2242 quo-

205 2267 287 2328 tiens
318 2285 463 2348 quaeque
496 2268 608 2330 cohors
639 2273 852 2351 procurreret,
885 2270 923 2332 ab
958 2287 994 2330 ea
1021 2273 1109 2350 parte
1138 2287 1275 2350 magnus

177 2391 357 2436 enumeras
380 2374 520 2436 hostium
543 2375 682 2438 cadebat.
723 2394 786 2456 qua
808 2394 842 2437 re
866 2376 1086 2438 animadversa
1101 2374 1275 2437 Ambiorix

204 2481 405 2562 pronuntiari
425 2481 527 2562 iubet,
550 2488 586 2544 ut
601 2482 712 2564 procul
728 2482 790 2544 tela
806 2483 942 2544 coiciant
957 2501 1023 2544 neu
1037 2484 1168 2565 propius
1185 2500 1275 2544 acce·
1292 2502 1317 2542 ro

205 2586 282 2650 dant
301 2592 344 2668 et,
362 2607 457 2668 quam
474 2590 507 2649 in
523 2595 645 2671 partem
661 2589 796 2652 Romani
812 2590 967 2671 impetum
981 2590 1126 2669 fecerint,
1151 2588 1275 2670 cedant,

177 2693 345 2776 4[levitate
369 2715 529 2758 armorum
554 2699 585 2758 et
608 2696 766 2758 cotidiana
790 2697 1017 2759 exercitatione
1040 2695 1121 2757 nihil
1145 2695 1194 2757 his
1218 2714 1276 2757 no-

206 2803 271 2864 ceri
298 2801 419 2885 posse,]
452 2821 563 2864 rursus
591 2821 625 2865 se
653 2802 692 2863 ad
720 2803 812 2885 signa
839 2804 1027 2885 recipientes
1054 2803 1275 2882 insequantur.

149 2921 187 2975 35
207 2905 277 2981 Quo
300 2913 467 2991 praecepto
492 2909 530 2970 ab
554 2910 594 2971 iis
619 2909 859 2992 diligentissime
876 2909 1056 2988 observato,
1080 2927 1153 2970 cum
1178 2926 1304 2987 quae-1

206 3016 291 3095 piam
320 3016 431 3077 cohors
460 3033 501 3077 ex
528 3015 603 3078 orbe
632 3020 812 3078 excesserat
844 3021 939 3096 atque
966 3017 1122 3097 impetum
1148 3014 1276 3096 fecerat,

179 3121 312 3184 chostes
336 3122 533 3184 velocissime
557 3122 763 3204 refugiebant.
809 3123 938 3184 interim
966 3141 1036 3184 eam
1064 3128 1187 3205 partem
1216 3141 1278 3183 nu-

179 3227 276 3289 adari
300 3247 429 3290 necesse
453 3233 521 3290 erat
544 3234 574 3290 et
598 3229 1115 3311 61161616666116161616616616.
1154 3247 1276 3310 rrusus,

300 3423 330 3473 ll
352 3421 491 3489 prouidere
511 3441 541 3485 ας
561 3421 663 3488 6611611
704 3423 712 3490 Η
755 3422 1082 3490 11.12616116611611ρ;
1107 3421 1277 3488 pronuntiare

209 3529 250 3561 απ
287 3509 294 3580 Η
333 3512 366 3562 14
385 3511 480 3564 cecidit
498 3511 569 3578 HM;
593 3511 688 3564 accidit
707 3511 733 3564 X
774 3510 781 3580 ll
824 3513 856 3564 15
875 3511 979 3564 hostem
998 3518 1014 3576 β
1055 3508 1063 3580 ll
1104 3511 1277 3578 pugnandum

208 3619 231 3669 φ
268 3598 276 3670 ll
315 3602 355 3653 15.
377 3601 409 3653 16
428 3600 581 3654 alacriorem
600 3601 697 3666 fecitss
732 3599 740 3670 ll
778 3601 819 3654 18.
835 3601 867 3653 19
887 3617 954 3668 quae
968 3601 1115 3668 quisquep
1151 3597 1159 3670 Η
1197 3599 1232 3652 20
1251 3601 1278 3650 61

208 3689 324 3742 clamore
345 3690 367 3741 S
401 3689 408 3760 ll
445 3690 510 3743 iletu
527 3690 566 3755 X3
586 3690 693 3742 fremitu
711 3689 820 3742 ababa.

296 3780 341 3833 34.
362 3779 378 3830 2
397 3779 565 3846 pronuntiare
586 3799 602 3828 6
640 3778 647 3848 ll
685 3780 856 3844 3seruariss
892 3778 899 3848 ll
937 3779 1065 3846 bposital
1085 3782 1144 3831 mse
1157 3777 1219 3830 odd.
1233 3784 1250 3843 β
1269 3775 1278 3846 tl

207 3871 232 3920 5.
253 3869 362 3921 661661
382 3909 458 3921 .....
477 3884 554 3935 paros
573 3868 623 3920 del.
644 3868 731 3935 Apita
758 3866 766 3936 {l
795 3868 994 3933 dtamenetsip’
1021 3866 1029 3937 ll
1058 3865 1187 3920 lsalutis
1200 3881 1277 3934 spem

206 3964 224 4022 β
260 3956 268 4026 ll
304 3957 542 4024 cpi-ocurreretp
582 3955 590 4027 ll
635 3956 668 4009 10
687 3973 738 4008 neu
759 3975 788 4022 a,
812 3973 845 4009 ne
865 3956 923 4024 (neo
943 3957 1007 4022 alp
1048 3955 1056 4025 {l
1099 3958 1129 4007 11
1151 3955 1178 4007 in
1198 3972 1278 4022 qiiam

209 4048 309 4112 partem
328 4053 345 4112 β
381 4045 388 4115 ll
428 4047 460 4098 12
479 4064 518 4114 sq.
538 4045 645 4099 leuitate
666 4086 779 4097 .......
799 4061 877 4112 posse
896 4046 946 4097 del.
967 4044 1059 4112 Lapa,
1080 4044 1156 4096 Paul
1192 4042 1200 4115 Η
1243 4045 1277 4096 12

208 4134 449 4201 ffiffifflmd

297 4223 475 4289 3616166
511 4222 518 4292 ll
557 4226 580 4275 1.
601 4223 617 4276 2
636 4223 760 4291 quapiam
779 4241 808 4289 c,
828 4230 917 4289 ooap
953 4222 960 4293 ll
998 4222 1151 4290 dissipiat
