2924 4808
188 245 249 307 136
586 257 691 312 enin
710 258 851 312 cinnor
884 337 888 344 .

157 423 323 490 scivitatis
350 426 456 484 motus
484 421 568 486 exist
589 427 609 484 t.
659 421 709 484 his
735 421 832 485 rebus
860 421 1052 502 constitutis
1081 420 1167 502 quod
1194 439 1286 503 pros

186 529 349 612 explorato
373 527 509 592 habebat
531 528 753 611 Ambiorigem
781 528 902 611 proelio
930 547 997 590 non
1025 545 1094 590 esse
1122 531 1254 591 conten-

157 640 306 719 iturum,
329 635 454 717 reliqua
476 636 545 698 eius
569 635 703 699 consilia
718 636 823 697 animo
840 634 1122 718 circumspiciebat.
1162 639 1255 697 erant

184 741 326 825 Menapii
348 743 520 826 propinqui
542 741 733 805 Eburonum
748 741 882 822 finibus,
904 743 1066 825 perpetuis
1081 739 1254 824 paludibus

185 849 337 932 silvisque
360 849 486 931 muniti,
511 850 566 931 qui
588 850 647 912 uni
670 868 711 912 ex
736 849 838 912 Galba
861 849 900 912 de
923 867 1000 932 pace
1024 848 1062 910 ad
1086 845 1253 912 Caesarem

184 957 306 1039 legatos
328 975 506 1038 numquam
528 957 689 1019 miserant.
729 976 803 1019 curn
825 957 875 1019 his
898 973 967 1018 esse
986 955 1159 1037 hospitium
1174 955 1254 1017 Arn-
1269 977 1302 1018 ro

185 1063 300 1146 biorigi
333 1063 466 1140 sciebat3
499 1063 578 1126 item
604 1081 662 1146 per
687 1063 840 1126 Treveros
868 1064 994 1126 venisse
1023 1061 1191 1125 Gemranis
1218 1063 1254 1123 in

158 1172 357 1238 sanrioitiam
381 1174 581 1253 cognoverat.
627 1171 705 1233 haec
727 1171 816 1252 prius
839 1170 887 1232 illi
910 1169 1103 1233 detrahenda
1130 1169 1255 1231 auxilia

186 1276 401 1358 existimabat,
434 1296 531 1360 quam
561 1278 668 1360 ipsum
697 1276 781 1340 bello
808 1277 989 1358 lacesseret,
1020 1295 1061 1339 ne
1090 1275 1255 1358 desperata

186 1385 287 1448 salute
311 1389 366 1446 aut
389 1403 422 1447 se
445 1385 479 1445 in
502 1382 668 1467 Menapios
692 1383 821 1446 abderet
844 1388 899 1445 aut
914 1403 987 1446 cum
1002 1382 1254 1445 Transrhenanis

158 1489 338 1574 eccngredi
370 1495 544 1572 cogeretur.
594 1489 654 1553 hoc
688 1490 767 1552 inito
800 1490 933 1553 consilio
966 1489 1064 1552 totius
1092 1490 1254 1552 exercitus
1268 1509 1300 1552 rr>

186 1597 413 1679 Mpedimenta
437 1596 477 1659 ad
499 1595 678 1660 Labienum
700 1597 736 1658 in
750 1596 902 1660 Treveros
925 1597 1023 1658 mittit
1046 1596 1191 1677 duasque
1214 1596 1255 1658 ad

187 1723 262 1768 eum
284 1704 427 1787 legiones
449 1702 608 1786 proficisci
631 1702 734 1782 iubet,
763 1704 831 1786 ipse
855 1721 929 1765 cum
952 1702 1133 1785 legionibus
1157 1721 1255 1786 expe-

159 1811 261 1880 rditis
284 1810 315 1871 V
337 1811 373 1872 in
395 1810 560 1893 Menapios
583 1808 803 1893 proficiscitur.
841 1809 890 1872 illi
912 1809 1003 1872 nulla
1025 1814 1133 1872 coacta
1155 1829 1256 1872 manu

185 1917 248 1980 loci
270 1917 428 2000 praesidio
452 1917 525 1980 freti
547 1918 580 1979 in
598 1918 693 1982 silvas
709 1917 906 2001 paludesque
921 1917 1110 2000 confugiunt
1132 1935 1256 1999 suaque

149 2024 299 2098 neodem
327 2024 502 2086 conferunt.
554 2023 670 2088 Caesar
700 2025 824 2106 partitis
856 2025 955 2106 copiis
988 2042 1062 2086 cum
1095 2021 1126 2085 0.
1153 2021 1282 2086 Fabioi

185 2131 288 2214 legato
313 2134 344 2193 et
366 2128 408 2191 M.
433 2129 544 2194 Crasso
574 2136 741 2212 quaestore
769 2129 976 2211 celeriterque
1002 2129 1121 2194 effectis
1148 2130 1256 2212 ponti-

185 2237 246 2300 bus
279 2237 346 2300 adit
378 2238 548 2319 tripertito,
583 2235 729 2299 aedificia
760 2237 912 2317 vicosque
944 2236 1099 2319 incendit,
1136 2255 1255 2319 magno

158 2345 308 2427 apecoris
341 2348 435 2426 atque
468 2344 635 2406 hominurn
668 2363 801 2406 numero
835 2345 962 2426 potitur.
1014 2343 1131 2425 quibus
1158 2342 1256 2406 rebus

186 2453 287 2515 coacti
309 2450 450 2533 Menapii
472 2451 593 2533 legatos
616 2449 656 2512 ad
680 2469 754 2513 eurn
776 2450 864 2532 pacis
886 2450 1042 2533 petendae
1064 2468 1160 2512 causa
1182 2451 1287 2514 mit-s

158 2563 266 2625 stunt.
313 2557 367 2621 ille
397 2556 562 2621 obsidibus
590 2557 726 2639 acceptis
753 2556 893 2619 hostium
920 2575 954 2620 se
982 2555 1167 2619 habiturum
1195 2576 1256 2620 nu·

186 2683 274 2728 mero
291 2663 469 2747 confirmat,
494 2665 521 2727 si
541 2669 596 2726 aut
611 2662 831 2746 Ambiorigem
847 2667 902 2726 aut
917 2665 986 2727 eius
1001 2662 1256 2746 legatosfinibus

159 2772 254 2838 lsuis
281 2773 482 2853 recepissent.
532 2770 583 2833 his
611 2769 805 2833 confirmatis
832 2770 928 2833 rebus
956 2768 1134 2833 Commium
1161 2771 1256 2836 Atre-

186 2877 291 2940 batem
315 2898 389 2940 cum
413 2878 558 2959 equitatu
582 2877 724 2940 custodis
751 2877 821 2940 loco
845 2878 880 2939 in
902 2875 1059 2960 Menapiis
1087 2877 1254 2959 relinquit,

185 2985 253 3066 ipse
277 2985 312 3046 in
334 2984 485 3047 Treveros
508 2983 727 3066 proficiscitur.
1269 3002 1300 3045 ro

152 3111 167 3164 7
276 3089 361 3154 Dum
384 3091 462 3154 haec
487 3110 505 3152 a
521 3090 654 3154 Caesare
670 3096 837 3174 geruntur,
852 3091 982 3154 Treveri
996 3092 1121 3175 magnis
1137 3094 1282 3154 coactisr

187 3196 345 3279 peditatus
370 3199 596 3280 equitatusque
620 3199 721 3280 copiis
744 3195 922 3261 Labienum
942 3217 1015 3260 cum
1037 3217 1103 3260 una
1120 3197 1255 3281 legione,

162 3321 271 3383 aquae
295 3304 330 3365 in
347 3323 458 3367 eorum
473 3303 591 3367 finibus
606 3303 780 3387 hiemabat,
804 3305 921 3367 adoriri
937 3303 1102 3388 parabant,
1126 3304 1256 3386 iamque

189 3409 227 3472 ab
252 3429 289 3472 eo
313 3429 378 3472 non
400 3411 529 3493 longius
552 3410 645 3473 bidui
667 3413 721 3473 via
748 3410 891 3494 aberant,
920 3430 994 3474 cum
1022 3411 1101 3474 duas
1129 3412 1257 3475 venisse

278 3639 303 3692 6.
324 3640 338 3690 7
359 3642 570 3693 concertaturum
585 3659 617 3710 χ;
638 3642 849 3694 concertaturum
868 3643 1038 3710 tenturumrp
1074 3638 1082 3711 Η
1120 3641 1152 3692 11
1172 3640 1257 3693 treni-

187 3734 266 3794 rosfi
305 3726 314 3797 d
355 3743 493 3796 germanos
514 3749 531 3780 a
572 3728 580 3800 t}
621 3731 655 3782 14
676 3730 845 3798 menapiisfl
887 3727 894 3800 d
936 3731 970 3784 16
988 3729 1100 3783 treuiros
1117 3735 1146 3796 fi,
1170 3759 1204 3768 -
1228 3727 1257 3781 in

188 3818 262 3871 Trer.
276 3817 325 3870 del.
342 3816 524 3884 Schomboch3
537 3819 565 3870 in
577 3817 675 3871 Remos
693 3819 797 3872 Oluoer.
835 3816 843 3889 d
881 3820 922 3872 16.
938 3821 969 3872 17
982 3819 1099 3887 legiones
1112 3819 1145 3872 ad
1159 3834 1221 3871 eum
1234 3837 1256 3888 φ

277 3907 304 3962 6.
325 3906 341 3958 2
360 3905 447 3975 legato
466 3913 554 3974 caup
590 3904 598 3977 d
635 3906 756 3960 celeriter
772 3908 903 3974 effectisss
939 3906 947 3979 11
983 3907 1082 3961 3adiit
1102 3926 1119 3958 o
1155 3905 1163 3978 d
1200 3908 1255 3962 6.7

189 4012 218 4050 se
237 4012 347 4049 numero
367 3996 405 4065 (in
424 4014 496 4049 num.
517 3997 549 4063 a)
569 3995 755 4063 habiturumss
791 3994 799 4066 d
837 3997 871 4051 10
889 3997 1037 4063 treuirosss
1303 4006 1306 4009 ’

279 4087 306 4140 7.
328 4088 341 4138 1
363 4086 456 4139 treuiri
474 4086 563 4154 aba.)
595 4086 604 4150 ΙΙ
637 4086 762 4139 3eorum
781 4085 820 4153 X3
843 4085 989 4139 Remorum
1012 4085 1115 4139 Cluver.
1153 4089 1162 4154 ll
1198 4085 1258 4139 hie·

188 4177 309 4228 manerat
328 4195 344 4226 a
378 4176 385 4244 d
418 4176 435 4227 4
453 4175 497 4228 uia
515 4174 590 4228 bidui
607 4180 624 4241 β
