2924 4808
271 283 311 344 52
670 296 775 351 enum
794 296 937 351 elamor

268 461 385 524 mentis
413 460 598 542 veniebant,
626 459 745 524 clamor
771 460 980 543 fremitusque
1009 459 1184 540 oriebatur,
1217 459 1337 541 aliique
1352 485 1379 527 10

242 567 366 632 raham
396 568 431 629 in
463 572 585 650 partem
616 567 775 651 perterriti
801 566 993 631 ferebantur.
1041 564 1338 649 quibusomnibus

268 673 365 737 rebus
391 675 527 757 permoti
555 675 678 756 equites
702 675 841 755 Treveri,
870 693 1007 756 quorum
1035 675 1120 737 inter
1143 673 1251 737 Gallos
1274 674 1338 735 vir-

268 781 345 844 tutis
369 782 475 864 opinio
504 785 553 845 est
580 782 765 864 singularis,
798 783 853 862 qui
886 781 1000 845 auxilii
1032 800 1127 844 causa
1159 801 1177 842 a
1209 781 1338 844 civitate

269 889 358 951 missi
386 888 426 950 ad
450 888 615 952 Caesarem
650 893 816 965 venerant,
854 908 927 951 oum
959 887 1165 952 multitudine
1198 887 1340 950 hostium

269 1000 371 1058 castra
395 993 525 1079 [nostre]
550 995 716 1078 compleri,
739 995 880 1078 legiones
903 997 1006 1078 premi
1029 1001 1060 1059 et
1082 1013 1181 1078 paene
1203 995 1380 1063 circum-15

268 1106 381 1164 ventas
397 1102 507 1182 teneri,
531 1103 667 1185 calones,
691 1103 823 1185 equites
843 1101 1030 1183 funditores
1044 1101 1203 1166 Numidas
1219 1101 1339 1184 disper-

147 1205 164 1252 *
270 1229 321 1272 sos
346 1208 577 1292 dissipatosque
600 1211 634 1273 in
651 1229 762 1273 omnes
780 1214 886 1292 partes
908 1209 1017 1292 fugere
1034 1209 1204 1290 vidissent,
1229 1207 1340 1290 despe-

242 1316 346 1380 eratis
369 1318 487 1379 nostris
510 1315 605 1380 rebus
629 1317 760 1379 domum
783 1316 1030 1380 contenderunt:
1054 1315 1215 1379 Romanos
1230 1315 1341 1398 pulsos

142 1463 150 1492 ι
271 1427 511 1505 superatosque,
539 1425 649 1487 castris
676 1424 979 1507 impedimentisque
1012 1442 1123 1486 eormn
1149 1424 1256 1486 hostes
1283 1442 1362 1505 por

216 1539 252 1593 ue
270 1529 345 1592 titos
378 1530 500 1592 civitati
530 1531 805 1595 renuntiaverunt.
853 1530 969 1594 Caesar
996 1529 1034 1592 ab
1058 1529 1100 1593 X.
1124 1529 1259 1613 legionis
1288 1547 1367 1596 oo-1

271 1635 447 1699 hortatione
476 1635 515 1698 ad
544 1637 693 1701 dextrum
720 1656 822 1701 cornu
849 1636 1021 1720 profectus,
1049 1635 1106 1699 ubi
1134 1655 1208 1698 suos
1232 1637 1341 1718 urgeri

270 1743 434 1825 signisque
466 1745 502 1806 in
533 1763 635 1806 unum
666 1743 782 1831 locum⁴
802 1743 936 1807 conlatis
959 1743 1034 1806 XII.
1057 1743 1192 1825 legionis
1216 1742 1341 1806 conier-

270 1853 320 1912 tos
343 1850 461 1913 milites
484 1851 545 1912 sibi
569 1853 652 1934 ipsos
676 1850 716 1912 ad
738 1870 880 1934 pugnam
903 1829 973 1914 esse
997 1850 1225 1934 impedimfflto
1240 1850 1339 1944 ‘vidit
1384 1935 1387 1938 ἦ

272 1962 402 2038 quartae
430 1957 567 2019 cohortis
596 1957 744 2020 omnibus
772 1958 1013 2021 centurionibus
1037 1959 1162 2038 occisis,
1189 1956 1367 2040 signiferos

271 2064 450 2146 interfecto,
487 2064 578 2145 signo
616 2064 745 2145 amisso,
784 2065 978 2146 reliquarum
1017 2064 1194 2126 cohortium
1236 2063 1341 2126 omni·

271 2169 331 2232 bus
353 2170 419 2234 fere
445 2170 685 2234 centurionibus
714 2175 771 2234 aut
796 2172 972 2236 vulneratis
999 2176 1054 2232 aut
1077 2171 1203 2252 occisis,
1230 2171 1267 2232 in
1290 2169 1340 2233 his

271 2276 430 2358 primipilo
454 2275 489 2338 P.
514 2274 622 2340 Sextio
645 2278 780 2361 Baculo,
803 2277 974 2341 fortissimo
999 2279 1081 2359 viro,
1103 2277 1212 2339 multis
1236 2278 1340 2359 gravi-

271 2381 396 2465 busque
412 2384 602 2446 vulneribus
618 2385 770 2466 confecto,
789 2385 904 2447 utiam
920 2403 953 2448 se
970 2384 1126 2447 sustinere
1142 2375 1210 2445 non
1224 2388 1340 2465 posset,

245 2505 247 2509 ’
271 2490 412 2572 reliquos
436 2508 505 2554 esse
533 2490 687 2554 tardiores
716 2495 747 2554 et
773 2509 840 2553 non
867 2491 972 2554 nullos
1001 2490 1039 2553 ab
1067 2491 1251 2553 novissimis
1284 2489 1339 2553 de·
1355 2516 1382 2559 10

272 2603 356 2660 serto
383 2595 484 2681 (loco)
506 2598 626 2679 proelio
644 2598 797 2662 excedere
814 2616 850 2659 ao
866 2597 928 2660 tela
944 2598 1062 2678 vitare,
1078 2597 1184 2659 hostes
1199 2615 1305 2679 neque
1322 2615 1342 2658 a

271 2704 374 2766 fronte
398 2722 439 2766 ex
461 2703 610 2767 inferiore
632 2704 702 2767 loco
727 2703 901 2768 subeuntes
924 2705 1133 2767 intermittere
1149 2708 1181 2766 et
1197 2703 1236 2766 ab
1252 2713 1340 2766 utro-

273 2830 334 2892 que
358 2810 454 2874 latere
483 2810 601 2873 instare
629 2816 661 2874 et
683 2829 751 2874 rem
784 2829 852 2873 esse
884 2811 919 2873 in
952 2816 1084 2894 angusto
1108 2809 1202 2908 vidit,
1234 2828 1341 2892 neque

245 2917 375 2983 2ullum
408 2935 476 2980 esse
509 2917 699 3000 subsidium,
733 2918 819 2998 quod
851 2916 996 2980 submitti
1028 2921 1145 2999 posset,
1178 2922 1268 2980 scuto
1300 2917 1339 2980 ab

271 3023 455 3086 novissimis
479 3022 560 3106 [uni]
584 3024 678 3087 militi
702 3024 856 3106 detracto,
885 3024 972 3105 quod
999 3025 1066 3107 ipse
1094 3042 1131 3087 eo
1155 3024 1224 3086 sine
1249 3028 1340 3086 scuto
1354 3049 1381 3092 15

272 3135 413 3211 venerat,
437 3131 474 3192 in
496 3131 632 3212 primam
655 3133 756 3195 aciem
775 3132 930 3214 prooessit
952 3128 1258 3211 centurionibusque
1281 3149 1340 3193 no·

272 3237 417 3299 minatim
441 3237 604 3320 appellatis
635 3238 776 3321 reliquos
809 3239 990 3301 cohortatus
1021 3236 1139 3300 milites
1171 3237 1263 3319 signa
1290 3237 1340 3298 in-

31 1576 67 1650 §a=

362 3500 396 3553 12
414 3500 507 3554 treuiri
525 3500 609 3553 M²ob
640 3503 649 3569 11
682 3500 723 3554 12.
744 3501 777 3554 13
797 3500 883 3568 opinio
903 3504 944 3554 est
962 3500 1105 3567 uirtutisp
1136 3502 1144 3570 11
1178 3501 1211 3554 13
1230 3517 1246 3554 a
1264 3499 1340 3568 B²fl3

272 3589 305 3643 ab
324 3609 342 3641 α
373 3591 382 3659 11
415 3591 449 3641 14
467 3590 501 3643 ad
519 3605 653 3643 caesarem
671 3587 746 3643 missi
765 3609 782 3641 α
823 3591 832 3659 11
874 3592 907 3644 15
926 3592 1012 3643 castra
1035 3589 1162 3658 compleri
1183 3590 1215 3656 83
1237 3589 1339 3659 Nipp.;

272 3681 358 3732 castra
375 3681 465 3732 nostra
478 3678 603 3746 compleri
616 3685 643 3744 βς
664 3681 750 3732 castra
762 3678 900 3746 compleri,
920 3681 1023 3732 nostras
1037 3698 1054 3729 o
1086 3681 1095 3749 11
1129 3679 1170 3733 16.
1185 3678 1217 3731 17
1237 3679 1340 3748 disper-

273 3783 316 3821 sos
333 3767 469 3835 Kraffert3
488 3768 607 3821 diuersos
625 3767 656 3820 X
685 3769 694 3836 11
727 3767 760 3821 18
779 3767 859 3820 rebus
878 3785 930 3821 om.
949 3775 966 3834 β

361 3856 406 3912 25.
426 3858 443 3909 4
462 3856 529 3910 uidit
546 3857 595 3910 del.
616 3856 678 3910 Ald.
711 3858 720 3926 11
752 3856 965 3926 bsignileroque
985 3877 1002 3908 α
1039 3858 1047 3924 11
1083 3857 1204 3926 8primo
1223 3856 1277 3926 pilo
1295 3865 1313 3925 β
1330 3855 1339 3929 11

272 3946 365 4000 baculo
384 3965 414 4013 c3
434 3946 520 4014 pactio
538 3953 555 4012 β
585 3950 594 4013 11
628 3946 661 4000 10
679 3946 712 3999 ab
730 3945 883 3999 nouissimis
903 3964 932 4013 a,
955 3962 971 4000 a
989 3947 1141 4000 nouissimis
1160 3947 1233 4015 Bu,
1258 3963 1340 4001 eno·

272 4035 388 4088 uissimis
402 4035 480 4104 Lips.
508 4035 516 4103 11
543 4035 584 4089 10.
596 4037 627 4088 11
643 4034 796 4102 desertori,
810 4035 928 4088 desertos
941 4036 1012 4103 rell.;
1026 4036 1075 4088 del.
1086 4035 1174 4104 Apim
1199 4037 1209 4106 11
1235 4038 1266 4088 11
1281 4036 1339 4090 loco

272 4125 334 4179 odd.
353 4125 532 4178 Klussmann
563 4125 572 4193 11
605 4125 696 4177 11.12
715 4142 731 4179 a
749 4125 880 4191 frontem
899 4124 1019 4191 fronton
1050 4126 1059 4194 11
1092 4126 1126 4177 14
1144 4140 1204 4178 esse
1223 4141 1275 4178 om.
1294 4132 1312 4192 β
1331 4122 1339 4196 11

274 4215 307 4267 15
325 4214 371 4266 uni
390 4214 439 4266 dcl.
465 4214 564 4281 Vo'elb.3
584 4215 616 4268 ab
634 4214 787 4268 nouissimis
806 4214 852 4268 uni
871 4213 920 4266 del.
940 4213 1069 4281 EHoffm.
