2924 4808
527 327 635 381 LIBER
652 328 700 381 III.
722 327 797 381 cnP.
817 328 918 382 9-13.
1217 314 1257 375 65

190 489 412 572 Lexoviosque
440 491 550 573 mittit,
579 492 633 572 qui
662 509 731 553 eam
758 511 891 553 manum
919 491 1135 554 distinendam
1159 497 1257 554 curet.

189 597 227 660 D.
251 598 389 660 Brutum
413 597 648 661 adulescentem
672 598 765 661 classi
788 597 981 680 Gallicisque
1005 598 1154 679 navibuS,
1180 617 1286 680 quasa

190 724 232 768 ex
264 704 452 768 Pictonibus
485 710 517 767 et
548 702 697 767 Santonis
734 705 931 787 reliquisque
967 706 1087 788 pacatis
1122 707 1259 788 regioni-

189 812 251 875 bus
275 813 445 875 convenire
472 812 619 893 iusserat,
648 810 791 893 praeficit
819 816 862 892 et,
892 830 965 874 cum
989 813 1126 894 primum
1150 813 1258 894 possit,

150 941 175 982 ra
190 919 225 981 in
247 919 389 982 Venetos
420 918 578 1001 proficisci
610 918 706 981 iubet.
757 919 824 1000 ipse
858 936 894 980 eo
927 918 1127 1000 pedestribus
1160 920 1258 1002 copiis

191 1025 362 1089 contendit.

163 1157 176 1196 1
279 1131 380 1195 Erant
407 1134 476 1195 eius
504 1132 592 1195 modi
615 1132 680 1195 fere
704 1134 784 1195 situs
808 1115 1008 1215 oppidorum,
1037 1137 1074 1195 ut
1096 1134 1199 1215 posita
1225 1135 1259 1195 in
1277 1149 1313 1202 12

191 1241 343 1302 extremis
365 1238 498 1321 lingulis
520 1238 816 1322 promunturiisque
845 1258 950 1320 neque
979 1238 1112 1321 pedibus
1138 1240 1257 1302 aditum

191 1346 357 1428 haberent,
391 1366 464 1409 cum
494 1364 536 1408 err
564 1347 625 1409 alto
650 1365 684 1409 se
708 1352 814 1408 aestus
837 1346 1045 1427 incitavisset,
1075 1346 1160 1429 quod
1185 1345 1257 1430 [bis]

192 1453 307 1516 accidit
330 1472 455 1536 semper
478 1454 627 1516 horarium
646 1453 713 1516 XII
737 1454 851 1535 spatio,
874 1472 980 1533 neque
1004 1452 1149 1535 navibus,
1173 1450 1259 1534 quod

165 1579 303 1623 srursus
326 1561 491 1623 minuente
510 1566 601 1623 aestu
624 1579 721 1623 naves
749 1561 784 1621 in
807 1559 898 1621 radis
922 1559 1168 1623 adflictarentur.
1216 1562 1286 1624 itaa

192 1672 327 1749 utraque
360 1686 394 1730 re
428 1667 616 1750 oppidorum
649 1667 841 1750 oppugnatio
877 1666 1116 1749 impediebatur.
1164 1686 1199 1728 ac
1233 1668 1286 1731 sia

194 1775 319 1856 quando
349 1773 569 1856 magnitudine
597 1775 701 1856 operis
728 1775 808 1836 forte
837 1775 990 1855 superati,
1020 1779 1150 1836 extruso
1179 1776 1257 1836 mari

193 1900 305 1964 aggere
330 1900 367 1943 ac
390 1881 529 1943 molibus
553 1885 647 1961 atque
670 1881 719 1943 his
743 1881 851 1963 oppidi
874 1880 1042 1942 moenibus
1065 1880 1259 1962 adaequatio,

194 1987 359 2070 desperare
382 1988 518 2050 fortrmis
541 1989 608 2050 suis
632 1993 812 2071 coeperant,
836 2007 952 2070 magno
970 2006 1105 2050 numero
1129 1989 1259 2050 navium

159 2116 182 2157 10
195 2095 338 2177 adpulsu,
363 2096 454 2157 cuius
478 2097 525 2157 rei
548 2115 705 2157 summam
728 2095 910 2157 facultatem
933 2094 1105 2175 habebant,
1129 2114 1187 2157 sua
1208 2095 1261 2158 de-

194 2202 360 2283 portabant
393 2203 498 2263 omnia
531 2222 628 2283 seque
661 2203 694 2264 iu
726 2203 873 2284 proxima
906 2201 1021 2284 oppida
1048 2201 1259 2283 recipiebant:

195 2308 238 2369 ibi
274 2328 307 2370 se
344 2327 455 2370 rursus
492 2309 593 2371 isdem
635 2307 901 2391 oportunitatibus
938 2307 1001 2370 loci
1038 2308 1288 2372 defendebantr

195 2416 270 2478 haec
294 2435 331 2478 eo
354 2415 479 2477 facilius
502 2435 652 2498 magnam
675 2421 797 2497 partem
825 2415 951 2478 aestatis
974 2415 1144 2496 faciebant,
1175 2416 1288 2495 quoda

196 2530 320 2585 nostrae
344 2542 442 2585 nares
471 2522 710 2606 tempestatibus
735 2522 958 2585 detinebantur
982 2541 1169 2604 summaque
1194 2526 1262 2584 erat

164 2635 281 2692 uvosto
306 2634 402 2710 atque
427 2636 534 2712 aperto
558 2631 651 2712 mari,
675 2630 800 2712 magnis
825 2629 976 2710 aestibus,
1000 2631 1080 2691 raris
1104 2649 1140 2692 ac
1163 2648 1261 2712 prope

175 2735 291 2798 inullis
323 2736 467 2819 portibus
500 2736 668 2799 difficultas
704 2737 885 2818 navigandi.
940 2737 1087 2818 Namque
1120 2738 1262 2818 ipsorum
1281 2750 1316 2804 13

197 2862 291 2906 naves
315 2844 356 2905 ad
379 2843 464 2906 hunc
487 2844 618 2906 modum
644 2842 745 2906 factae
775 2848 976 2925 armataeque
1001 2849 1105 2905 erant:
1136 2844 1261 2905 carinae

198 2949 356 3031 aliquanto
380 2949 538 3033 planiores
563 2971 659 3032 quam
682 2955 863 3012 nostrarum
882 2951 1027 3032 navium,
1052 2970 1114 3033 quo
1138 2950 1262 3012 facilius

201 3057 276 3118 vada
299 3076 336 3120 ac
361 3057 527 3120 decessum
551 3063 655 3120 aestus
679 3060 826 3140 excipere
850 3062 992 3139 possent,
1018 3076 1128 3138 prorae
1154 3057 1290 3119 admo-2

177 3164 272 3226 adum
296 3169 419 3228 erectae
443 3170 536 3246 atque
560 3166 635 3227 item
651 3184 785 3247 puppeS,
810 3165 851 3226 ad
872 3165 1125 3246 magnitudinem
1148 3163 1262 3226 fluctu-

200 3290 250 3332 um
282 3275 569 3354 tempestatumque
603 3272 871 3349 accommodatam
912 3290 1011 3333 naves
1044 3276 1127 3333 totae
1159 3270 1290 3334 factaea

200 3395 238 3439 cr
259 3377 374 3441 robore
398 3377 438 3440 ad
462 3379 607 3458 quamvis
630 3380 695 3440 rim
720 3382 751 3441 et
775 3378 1003 3440 coutumeliam
1026 3378 1261 3460 perferendam,

200 3489 333 3547 transtra
349 3505 391 3547 ex
405 3484 570 3567 pedalibus
586 3486 621 3546 in
637 3485 837 3548 altitudinem
854 3484 1006 3566 trabibus,
1024 3484 1150 3547 confixa
1166 3485 1291 3547 clavisa

286 3716 318 3766 11
338 3714 509 3782 lexcbiosque
530 3734 547 3765 n
588 3715 596 3781 ll
638 3715 671 3767 13
700 3714 847 3782 pictonibus
876 3713 997 3779 A²B⁹a23
1025 3713 1180 3782 pectonibus
1204 3713 1235 3765 X
1256 3711 1263 3784 ll

203 3803 233 3854 14
250 3803 411 3871 praefecitss
442 3804 450 3872 ll
481 3803 565 3872 possit
583 3804 622 3856 ed.
641 3804 669 3870 13
688 3806 778 3871 posset
797 3803 827 3854 X
856 3803 864 3870 ll
899 3805 931 3855 15
951 3819 982 3855 eo
1001 3802 1040 3869 X3
1060 3803 1153 3855 ecdem
1174 3802 1236 3854 HM

286 3894 330 3947 12.
351 3894 367 3946 3
386 3892 427 3948 bis
447 3911 500 3959 on3
519 3892 551 3944 iis
569 3893 599 3959 b3
618 3893 660 3944 his
680 3892 701 3958 l,
726 3892 774 3944 dcl.
795 3891 890 3944 errirr.
923 3892 931 3959 ll
965 3892 1095 3944 daccidit
1112 3899 1139 3958 β;
1163 3891 1265 3945 accedit

203 4000 218 4030 u
248 3983 256 4050 ll
291 3982 370 4036 8his
387 4000 420 4047 ας
448 3982 567 4048 isdemp
608 3982 615 4049 ll
657 3981 748 4034 llsuis
768 3981 879 4033 fortunis
898 3981 1038 4048 desperare
1059 4000 1076 4031 u
1118 3982 1126 4050 l!
1168 3980 1262 4033 10.11

203 4071 285 4124 omnia
307 4087 355 4124 sua
378 4071 583 4138 deportabautp]
624 4071 632 4137 ll
675 4071 707 4122 12
727 4069 777 4123 loci
795 4070 1050 4138 oportunitatibusp
1091 4072 1099 4134 ll
1143 4071 1175 4123 15
1199 4068 1267 4124 maii

203 4175 304 4229 magno,
324 4159 442 4213 aestibus
461 4160 526 4212 raris
546 4179 567 4228 q

286 4250 332 4305 13.
351 4249 369 4302 8
388 4265 423 4302 ex
441 4266 493 4300 om.
514 4269 531 4299 o

244 4354 321 4398 enasor
333 4355 352 4400 l.
367 4355 403 4398 ed.
417 4354 507 4397 neusel.
1089 4358 1105 4410 5
