2924 4808
513 261 621 315 LIBER
639 263 672 314 V.
698 262 775 316 CAP.
795 264 916 318 33-37.
1188 251 1250 312 119

158 443 256 488 acum
279 425 315 486 in
339 443 413 487 eum
435 425 555 506 locum,
579 425 664 487 unde
688 431 776 488 erant
800 429 968 510 progressi,
997 429 1116 491 reverti
1139 447 1252 510 coepe·

184 536 264 614 rant,
289 536 321 594 et
344 531 382 593 ab
406 532 459 613 iis,
484 532 541 612 qui
565 536 738 612 cesserant,
763 537 794 595 et
818 532 856 594 ab
881 534 933 614 iis,
959 535 1015 614 qui
1033 535 1173 617 proximi
1189 541 1251 598 ste-

185 643 298 718 terant,
322 637 668 715 circumveniebantur3
686 639 735 701 sin
752 644 859 702 autem
875 640 982 702 locuni
999 645 1106 703 tenere
1123 641 1279 719 vellentr

184 764 239 808 neo
265 744 376 807 virtuti
398 744 488 806 locus
503 743 747 825 relinquebatur
762 763 867 826 neque
884 747 922 809 ab
939 752 1027 809 tanta
1041 747 1250 810 multitudine

185 853 324 915 coniecta
352 850 412 914 tela
436 850 570 914 conferti
597 852 696 913 vitare
724 856 876 934 poterant
926 860 1033 916 tamen
1061 858 1107 916 tot
1128 855 1250 917 inconr·
1264 877 1285 919 5⁴

152 979 173 1020 a
184 959 283 1021 modis
307 957 481 1021 conflictati
504 957 612 1020 multis
636 957 824 1021 vulneribus
848 961 983 1042 acceptis
1006 960 1196 1023 resistebant
1219 967 1251 1023 et

185 1084 298 1147 magna
320 1069 407 1147 parte
431 1065 495 1128 diei
519 1069 718 1146 consumpta,
742 1084 816 1127 cum
839 1067 976 1148 aprima
991 1067 1063 1130 luce
1085 1067 1125 1129 ad
1141 1068 1251 1130 horam

186 1176 326 1234 octavam
357 1175 567 1254 pugnaretur,
600 1171 694 1252 nihil,
726 1173 812 1252 quod
845 1173 923 1255 ipsis
956 1178 1040 1236 esset
1070 1174 1250 1256 indignum,

186 1278 429 1341 committebant.
464 1283 532 1340 tum
554 1278 586 1340 Τ.
606 1277 788 1359 Balrenti0,
813 1281 869 1360 qui
892 1281 1055 1362 superiore
1079 1300 1162 1343 anno
1187 1282 1277 1363 pri-e

185 1404 270 1448 mum
303 1384 405 1468 pilum
437 1384 585 1465 duxerat,
618 1386 688 1447 viro
715 1385 790 1448 forti
822 1390 854 1448 et
881 1406 1015 1469 magnae
1044 1389 1249 1468 auctoritatis

152 1510 175 1551 ra
186 1497 355 1572 utrumque
378 1492 483 1554 femur
506 1490 631 1574 tragula
653 1492 812 1570 traicitur;
843 1490 878 1566 Q.
902 1492 1076 1575 Lucanius,
1106 1494 1277 1560 eiusdemr

186 1599 314 1680 ordinis,
336 1597 513 1661 fortissime
542 1617 701 1680 pugnans,
730 1599 806 1660 dum
835 1600 1052 1663 circumvento
1080 1599 1147 1663 filio
1176 1601 1251 1663 sub·
1359 1615 1361 1619 ⁴

122 1769 124 1775 ,
185 1706 281 1785 venit,
299 1703 499 1784 interficitur·;
524 1703 557 1767 L.
575 1703 666 1768 Cotta
680 1705 804 1787 legatus
820 1725 931 1769 omnes
947 1707 1092 1769 cohortes
1109 1707 1277 1773 ordines-s

162 1829 173 1870 1
186 1829 243 1892 quo
260 1811 432 1874 adhortans
448 1813 482 1872 in
497 1811 666 1874 adversum
683 1831 717 1874 os
732 1812 832 1874 funda
847 1812 1043 1875 vulneratur.
1076 1811 1138 1875 His
1153 1813 1249 1876 rebus
1267 1830 1304 1885 aa

184 1922 343 1998 permotus
368 1915 403 1991 Q.
426 1918 579 1999 Titurius,
607 1936 681 1979 cum
709 1918 821 2000 procul
848 1919 1068 2002 Ambiorigem
1096 1938 1170 1983 suos
1198 1940 1250 1983 co-

184 2023 359 2087 hortantem
383 2025 616 2107 conspexisset,
640 2025 846 2107 interpretem
869 2045 964 2088 suum
987 2024 1043 2087 Cn.
1060 2025 1249 2109 Pompeium

185 2130 221 2192 ad
244 2150 318 2194 eum
342 2131 439 2193 mittit
460 2136 620 2213 rogatum,
646 2136 681 2193 ut
703 2131 767 2193 sibi
789 2131 1010 2213 militibusque
1033 2139 1147 2215 parcat.
1195 2134 1277 2198 illea

160 2237 357 2320 cappellatus
380 2238 564 2321 respondet:
590 2238 618 2300 si
636 2238 713 2299 velit
728 2256 836 2300 secum
853 2238 1020 2320 conloqui,
1043 2240 1154 2318 licere;
1180 2259 1250 2322 spe-

184 2363 249 2407 rare
274 2364 293 2406 a
315 2344 523 2407 multitudine
546 2345 710 2427 impetrari
733 2363 825 2426 posse
843 2345 930 2426 quod
946 2345 986 2407 ad
1008 2346 1148 2408 militum
1167 2347 1250 2408 salu-

184 2455 245 2512 tem
268 2451 438 2533 pertineat;
463 2453 523 2534 ipsi
545 2470 621 2514 vero
646 2451 727 2513 nihil
743 2453 886 2513 nocitum
902 2452 956 2532 iri,
981 2453 1079 2533 inque
1096 2470 1166 2514 eam
1182 2472 1249 2515 rern

184 2575 214 2620 se
238 2576 330 2620 suam
352 2556 450 2620 fidem
465 2559 673 2640 interponere.
713 2558 767 2620 ille
787 2578 860 2620 curn
878 2557 969 2620 Cotta
985 2560 1092 2621 saucio
1109 2577 1277 2625 commu-o

183 2664 278 2745 nicet,
302 2665 330 2727 si
353 2664 512 2745 videatur,
539 2684 647 2747 pugna
671 2670 706 2727 ut
729 2665 886 2727 excedant
909 2670 941 2728 et
965 2683 1039 2728 cum
1062 2665 1249 2748 Ambiorige

150 2785 172 2827 10
183 2789 245 2832 una
268 2771 517 2853 conloquantur:
547 2790 673 2854 sperare
698 2790 731 2834 so
756 2771 794 2833 ab
824 2790 861 2834 eo
890 2772 929 2834 de
958 2791 1016 2834 sua
1044 2790 1081 2834 ae
1108 2772 1248 2834 militum

183 2877 282 2941 salute
305 2879 470 2960 impetrari
492 2897 592 2959 posse.
619 2861 727 2940 'Cotta
750 2898 783 2941 se
808 2878 847 2940 ad
867 2885 1023 2941 armatum
1047 2879 1168 2942 hostem
1186 2880 1277 2944 itu-4

161 2999 253 3047 rrum
278 2990 372 3067 nogat
395 2990 491 3065 atque
515 2987 549 3047 in
565 3004 602 3048 eo
626 2991 814 3068 perseverat.
859 2984 995 3048 Sabinus
1012 3004 1093 3066 quos
1109 2987 1143 3047 in
1159 3005 1249 3068 prae·
1267 3002 1302 3057 37

182 3091 283 3153 sentia
306 3092 452 3154 tribunos
476 3092 615 3154 militum
639 3093 759 3154 circum
788 3111 821 3155 se
850 3091 986 3154 habebat
1014 3097 1046 3154 et
1072 3094 1248 3175 primorum

183 3198 330 3260 ordinum
353 3199 554 3260 centuriones
578 3217 611 3260 se
635 3199 727 3279 sequi
750 3198 851 3279 iubet,
875 3203 1002 3261 etcum
1025 3200 1155 3282 propius
1171 3200 1249 3262 Am-

181 3302 335 3386 biorigem
359 3305 553 3381 accessisset,
578 3305 685 3367 iussus
709 3325 797 3366 arma
820 3304 945 3367 abicere
960 3306 1151 3388 imperatum
1174 3306 1249 3369 facit

156 3411 311 3492 astrisque
336 3415 373 3473 ut
395 3411 480 3474 idem
503 3413 619 3474 faciant
642 3413 784 3493 imperat.
832 3413 972 3495 interim,
1001 3413 1078 3474 dum
1107 3413 1145 3474 de
1174 3433 1276 3476 con-2

269 3641 367 3692 boum
387 3659 417 3706 o,
446 3644 473 3692 et
491 3647 587 3706 eump
629 3639 636 3710 ΗΗ
678 3639 810 3708 progressi
828 3647 855 3706 ss,
884 3641 1020 3708 egressio
1061 3639 1069 3710 ΗΗ
1110 3641 1187 3694 bhis
1205 3648 1222 3707 ,3
1240 3640 1248 3711 ΗΗ

179 3726 256 3795 hisp
292 3728 300 3798 ΗΗ
337 3728 426 3782 atera
445 3745 460 3781 a
478 3729 604 3782 confertis
623 3729 739 3795 uitarip
776 3728 783 3800 ΗΗ
821 3731 861 3782 tot
880 3747 908 3795 123
932 3732 986 3782 tam
1005 3729 1132 3796 multisp
1169 3728 1176 3798 Η
1215 3729 1248 3781 l?

180 3819 376 3884 pugnassentp
412 3816 419 3887 ΗΗ
457 3819 490 3870 13
509 3818 642 3871 baluentio
662 3837 691 3885 ας
710 3818 834 3885 uentiop
871 3817 878 3888 ΗΗ
917 3819 950 3870 14
969 3819 1150 3884 deduxeratp
1178 3817 1185 3888 ΗΗ
1215 3817 1248 3871 18

178 3904 206 3956 in
224 3907 368 3959 aduersum
387 3923 416 3960 os
437 3926 465 3974 u3
485 3908 614 3960 aduersus
633 3907 680 3960 hos
699 3914 715 3973 p

267 3995 313 4050 36.
333 3997 349 4048 5
368 3996 510 4063 respondet
529 3995 598 4062 HM,
619 3996 754 4064 respondit
773 3997 803 4049 X
837 3995 844 4066 Η
882 3998 906 4050 5.
927 3997 943 4050 6
963 4011 1068 4063 sperare
1085 3996 1141 4066 <se>
1162 3995 1225 4047 ΗΜ
1240 3994 1247 4066 ΗΗ

179 4083 280 4136 anihil
300 4102 329 4151 a;
351 4091 438 4151 nonp
477 4083 485 4155 ΗΗ
527 4085 605 4153 inque
625 4102 684 4139 earn
703 4102 760 4138 reru
779 4105 809 4151 o3
834 4086 860 4137 in
880 4100 960 4153 quarn
978 4091 1069 4152 remp
1115 4083 1123 4155 ΗΗ
1167 4086 1200 4138 10
1219 4100 1248 4138 se

177 4189 230 4225 ona.
252 4192 269 4223 a
306 4171 314 4243 ΗΗ
353 4175 383 4226 11
405 4173 544 4242 impetrare
559 4174 604 4242 28
638 4174 645 4245 ΗΗ
685 4174 717 4226 12
738 4175 890 4242 perseuerat
910 4192 938 4240 o3
959 4173 1111 4240 constititss
