2924 4808
205 296 266 358 166
603 309 709 363 BELLI
728 308 869 362 GALLICI

201 473 308 556 gebat,
333 474 466 554 veritus,
490 492 530 535 ne
553 478 652 534 noctu
675 491 716 534 ex
740 471 856 554 oppido
880 472 1098 555 profugerent,
1123 470 1203 534 duas
1227 471 1270 534 le-

174 581 313 663 rgiones
336 581 370 641 in
394 581 489 642 armis
513 579 673 642 excubare
702 579 797 642 iubet.
845 577 1047 642 Cenabenses
1072 579 1167 661 paulo
1196 583 1270 641 ante

202 688 341 751 mediam
364 691 491 749 noctem
514 686 641 749 silentio
671 705 713 748 ex
738 686 853 768 oppido
878 688 996 768 egressi
1020 685 1141 748 flumen
1168 690 1271 748 trans-

174 796 249 861 sire
273 799 453 877 coeperunt.
501 812 564 875 qua
590 811 625 854 re
653 811 710 875 per
738 793 952 875 exploratores
980 794 1128 855 nuntiata
1156 790 1272 855 Caesar

202 902 356 985 legioneS,
382 919 460 982 quas
484 899 650 981 expeditas
674 918 741 962 esse
765 901 912 981 iusserat,
936 900 1036 982 portis
1059 900 1198 962 incensis
1222 900 1271 961 in·
1286 921 1311 963 ao

202 1008 349 1071 tromittit
373 1016 468 1087 atque
497 1006 612 1089 oppido
635 1007 754 1089 potitur
780 1008 947 1089 perpaucis
976 1025 1018 1069 ex
1044 1007 1185 1069 hostium
1213 1026 1272 1068 nu-

202 1134 290 1178 mero
325 1114 521 1191 desideratis,
559 1114 634 1195 quin
669 1115 776 1176 cuncti
809 1118 1011 1196 caperentur,
1049 1113 1134 1194 quod
1165 1114 1273 1196 pontis

203 1226 300 1303 atque
323 1222 475 1282 itinerum
491 1220 656 1302 angustiae
672 1220 871 1282 multitudini
893 1220 1001 1303 fugam
1017 1219 1272 1282 intercluserunt.

176 1328 356 1410 soppidum
380 1327 488 1408 diripit
512 1332 608 1407 atque
631 1327 786 1408 incendit,
814 1327 963 1409 praedam
986 1326 1142 1389 militibus
1166 1326 1272 1409 donat,

205 1434 382 1496 exercitum
405 1431 542 1515 Ligerim
566 1433 703 1495 traducit
726 1439 820 1515 atque
844 1434 878 1495 in
901 1433 1083 1516 Biturigrun
1099 1432 1179 1496 fines
1201 1453 1273 1515 per·
1286 1453 1313 1495 as

149 1556 185 1609 12
204 1541 300 1603 venit.
346 1540 603 1621 Vercingetorix,
633 1539 688 1602 ubi
713 1541 751 1602 de
775 1539 917 1603 Caesaris
946 1540 1085 1602 adventu
1113 1542 1299 1623 cognovit,r

205 1647 441 1729 oppugnatione
469 1647 591 1709 desistit
618 1653 713 1727 atque
743 1647 868 1709 obviam
897 1645 1023 1710 Caesari
1054 1646 1272 1729 proficiscitur.

177 1753 260 1816 aille
285 1754 437 1836 oppidum
460 1754 642 1836 Biturigum
666 1755 805 1836 positum
831 1755 867 1815 in
891 1755 942 1816 xia
965 1753 1195 1817 Noviodunum
1219 1773 1273 1836 op·

175 1880 347 1944 spugnare
371 1861 558 1924 instituerat.
606 1881 668 1943 quo
698 1880 739 1923 ex
764 1861 877 1943 oppido
906 1880 981 1923 cum
1007 1861 1103 1944 legati
1131 1861 1171 1923 ad
1200 1880 1273 1924 eum

204 1969 368 2031 venissent
396 1972 533 2048 oratum,
561 1973 596 2030 ut
624 1967 685 2030 sibi
713 1969 890 2049 ignosceret
917 1986 1058 2048 suaeque
1085 1968 1170 2031 ritae
1199 1986 1299 2029 con-5

205 2075 336 2156 suleret,
360 2080 397 2137 ut
420 2075 580 2138 celeritate
603 2075 744 2157 reliquas
760 2094 811 2137 res
828 2074 1011 2156 conficeret,
1036 2094 1099 2155 qua
1120 2073 1273 2157 pleraque

206 2187 273 2244 erat
305 2187 507 2262 consecutus,
542 2202 628 2244 arma
658 2182 807 2262 conferri,
840 2200 938 2262 equos
965 2182 1114 2264 produci,
1147 2181 1274 2245 obsides

175 2287 274 2349 adari
297 2288 393 2351 iubet.
440 2293 528 2371 parte
552 2291 616 2351 iam
640 2290 787 2351 obsidum
812 2288 940 2368 tradita,
969 2308 1042 2351 cum
1065 2288 1191 2370 reliqua
1219 2287 1274 2350 ad-

205 2397 475 2477 ministrarentur,
499 2396 740 2458 centurionibus
765 2400 796 2458 et
815 2396 925 2478 paucis
940 2395 1097 2458 militibus
1113 2397 1274 2458 intromis-

205 2503 261 2582 sis,
286 2504 341 2582 qui
357 2523 445 2566 arma
460 2504 666 2584 iumentaque
688 2503 926 2583 conquirerent,
950 2503 1111 2584 equitatus
1134 2503 1274 2565 hostium
1288 2520 1316 2562 ro

204 2609 316 2692 procul
340 2611 429 2672 visus
453 2620 512 2689 est,
536 2611 592 2690 qui
615 2629 730 2691 agmen
752 2610 1025 2693 Vercingetorigis
1054 2614 1273 2673 antecesserat.

177 2734 302 2796 squcm
326 2716 422 2778 simul
447 2721 542 2797 atque
566 2717 718 2798 oppidani
741 2721 978 2799 conspexerunt
1005 2721 1100 2798 atque
1127 2717 1163 2779 in
1186 2734 1275 2798 spem

207 2822 319 2884 auxilii
351 2828 520 2905 venerunt,
558 2823 695 2885 elamore
728 2823 853 2885 sublato
886 2843 974 2885 arma
1006 2842 1130 2906 capere,
1167 2827 1274 2905 portas

179 2928 368 3010 eclaudere,
404 2949 533 2992 murum
570 2931 728 3012 complere
766 2936 946 3012 coeperunt.
1001 2931 1204 2993 centuriones
1240 2931 1275 2991 in

208 3035 337 3118 oppido,
366 3057 439 3098 cum
467 3056 507 3099 ex
532 3036 764 3119 significatione
793 3037 957 3100 Gallorum
983 3038 1060 3100 novi
1087 3037 1210 3118 aliquid
1236 3036 1273 3099 ab
1289 3053 1316 3095 15

207 3143 246 3203 iis
270 3143 344 3204 iniri
368 3144 493 3205 consilii
516 3144 762 3226 intellexissent,
785 3144 901 3226 gladiis
921 3144 1078 3207 destrictis
1092 3149 1199 3226 portas
1224 3162 1274 3205 oe·

152 3254 403 3329 lampaverunt
425 3269 564 3331 suosque
590 3269 699 3314 omnes
722 3251 900 3314 incolumes
922 3254 1118 3333 receperunt
1161 3248 1302 3312 Caesari

209 3373 249 3416 ex
282 3356 392 3417 castris
425 3357 602 3438 equitatum
630 3357 724 3420 educi
757 3357 846 3420 iubet
877 3356 1099 3440 proeliumque
1127 3362 1275 3439 equestre

208 3462 389 3538 connnittit3
422 3462 640 3526 laborantibus
669 3465 734 3526 iam
761 3465 828 3527 suis
857 3464 1032 3527 Germanos
1057 3464 1182 3545 equites
1215 3463 1274 3526 cir·

298 3692 330 3742 17
351 3690 519 3765 Cenabenses
538 3692 568 3744 X
606 3694 614 3760 {l
656 3693 689 3746 19
708 3693 808 3746 caesari
828 3712 845 3744 a
885 3694 894 3762 ll
935 3692 970 3745 22
993 3692 1081 3746 cuncti
1101 3710 1132 3759 ας
1158 3692 1216 3745 uiui
1232 3698 1250 3759 β
1266 3688 1275 3763 ΙΙ

208 3780 242 3833 23
261 3780 438 3833 multitudinis
458 3800 475 3830 cc
507 3783 515 3848 {1
547 3780 731 3834 intercluserat
750 3781 784 3851 pf
809 3783 818 3849 ΙΙ
851 3782 1015 3852 251ige1um
1034 3800 1052 3833 α
1214 3764 1218 3771 ¹

297 3869 342 3923 12.
363 3869 378 3921 ‘2
397 3870 430 3921 ab
449 3869 678 3937 oppugnationep
709 3875 718 3937 ll
750 3871 852 3924 destitit
871 3890 888 3922 u
919 3872 928 3941 ΙΙ
960 3869 1141 3940 3Biturigum
1158 3870 1275 3940 positum

208 3958 236 4010 in
254 3958 297 4011 via
315 3958 503 4011 Noviodunum
526 3975 578 4010 oar.
599 3977 616 4008 u
653 3960 661 4026 d
699 3959 846 4014 loonferu‘
870 3978 900 4026 a,
923 3960 1069 4028 proferriss
1104 3960 1113 4029 ll
1148 3959 1175 4014 8.
1194 3960 1212 4014 9
1230 3959 1275 4015 ad·

208 4047 425 4113 ministranturp
456 4047 464 4113 l
498 4048 526 4098 11
550 4049 781 4113 antecessor-anta
817 4050 826 4116 {l
864 4051 897 4103 16
915 4049 958 4103 his
978 4048 1017 4117 Sf
1048 4056 1058 4118 ll
1094 4048 1199 4104 consilii
1215 4046 1277 4103 iniri

203 4142 225 4200 ῤ
256 4138 265 4203 ll
296 4136 422 4189 districtis
436 4135 522 4205 2M²s

298 4224 343 4279 13.
364 4224 380 4277 2
399 4241 450 4293 que
469 4242 522 4279 om.
543 4245 561 4277 o
