2924 4808
188 272 250 333 138
586 286 691 340 BELLI
711 285 852 342 GALLICI

154 450 271 515 aneris
294 449 416 532 placide
439 448 707 532 progrediebatur.
746 455 815 512 tum
838 451 1021 533 praemissis
1039 450 1172 533 paulum
1196 452 1255 512 im·
1270 475 1296 516 ιο

185 557 374 639 pedimentis
398 561 493 638 atque
515 557 550 617 in
573 557 698 618 tumulo
728 557 864 638 quodam
893 557 1064 620 conlocatis
1093 556 1255 639 ‘habetis',

185 664 301 746 inquit,
326 663 469 744 ‘milites
493 683 590 745 quam
605 664 728 746 petistis
744 663 937 726 facultatem:
961 665 1085 727 hostem
1101 663 1254 746 impedito

155 775 281 852 ratque
304 770 416 850 iniquo
440 770 509 832 loco
533 771 662 850 tenetis,
686 775 842 853 praestate
859 770 993 834 eandem
1008 771 1101 834 nobis
1117 771 1255 834 ducibus

185 878 348 957 virtutem,
373 896 469 959 quam
493 895 586 960 saepe
610 896 743 940 numero
766 878 950 960 imperatori
968 878 1184 960 praestitistiS,
1209 883 1255 940 at·

154 1002 247 1066 oque
269 983 362 1046 illum
385 959 495 1047 adesse
511 990 542 1046 et
558 984 635 1046 haec
650 1002 757 1046 coram
773 1003 903 1048 cernere
920 984 1118 1048 existimate)
1157 984 1255 1047 simui
1270 1007 1296 1048 15

185 1091 277 1172 signa
299 1091 340 1153 ad
363 1091 484 1153 hostem
509 1091 651 1154 converti
674 1091 839 1172 aciemque
859 1090 960 1173 derigi
982 1090 1073 1154 iubet
1096 1094 1128 1153 et
1143 1093 1255 1173 paucis

184 1199 298 1260 turmis
321 1197 479 1280 praesidio
504 1196 544 1259 ad
566 1197 794 1278 impedimenta
814 1197 955 1260 dimissis
969 1197 1112 1278 reliquos
1129 1199 1255 1279 equites

153 1304 225 1369 aad
248 1306 347 1367 latera
375 1304 522 1386 disponit.
569 1303 714 1366 celeriter
742 1304 843 1366 nostri
871 1303 1008 1367 clamore
1036 1303 1161 1368 sublato
1188 1305 1256 1386 pila

183 1413 218 1472 in
243 1411 348 1474 hostes
372 1412 556 1473 immittunt.
602 1410 662 1492 illi,
690 1410 747 1473 ubi
770 1415 893 1492 praeter
920 1430 1008 1493 spem
1037 1430 1117 1493 quos
1143 1411 1256 1494 fugere

186 1517 358 1580 credebant
388 1518 512 1580 infestis
545 1517 644 1600 signis
682 1516 721 1579 ad
754 1535 787 1580 se
819 1518 867 1580 ire
899 1518 1061 1600 viderunt,
1097 1519 1296 1600 impetumao

184 1629 367 1686 nostrorum
389 1623 470 1687 ferre
495 1643 560 1686 non
583 1628 757 1707 potuerunt
784 1644 820 1687 ac
844 1626 945 1706 primo
970 1643 1130 1687 concursu
1151 1625 1186 1687 in
1204 1625 1255 1687 fu-

155 1749 257 1812 rgam
285 1732 421 1794 coniecti
447 1733 610 1813 proximas
643 1731 738 1794 silvas
765 1733 934 1814 petierunt.
981 1751 1061 1812 quos
1092 1731 1255 1795 Labienus

185 1839 331 1919 equitatu
363 1843 562 1901 consectatus
594 1858 709 1922 magno
737 1858 871 1902 numero
899 1838 1078 1921 interfecto,
1112 1839 1255 1922 complu·

184 1945 273 2008 ribus
306 1947 404 2028 captis
438 1947 548 2028 paucis
576 1953 646 2028 post
674 1946 788 2010 diebus
817 1947 977 2009 civitatem
1004 1948 1132 2028 recepit.
1179 1966 1254 2009 nam

186 2051 349 2135 Germani,
388 2053 445 2134 qui
482 2053 603 2115 auxilio
638 2053 824 2134 veniebant,
860 2057 1007 2136 percepta
1043 2054 1254 2116 Treverorum
1268 2073 1295 2116 25

154 2156 261 2241 afuga
284 2179 352 2222 sese
377 2160 508 2223 domum
532 2160 745 2224 contulerunt.
791 2180 866 2223 cum
888 2161 939 2223 his
958 2161 1131 2243 propinqui
1154 2159 1254 2222 Indu-

184 2265 324 2348 tiomari,
348 2269 403 2349 qui
427 2268 611 2331 defectionis
635 2272 779 2330 auctores
802 2267 940 2348 fuerant,
968 2269 1109 2331 comitati
1132 2286 1187 2330 eos
1212 2287 1254 2330 ex

154 2372 314 2436 scivitate
339 2379 554 2438 excesserunt.
594 2374 803 2457 Cingetorigi,
828 2391 922 2456 quem
943 2374 981 2435 ab
998 2374 1091 2435 initio
1107 2392 1253 2456 perman-

185 2480 263 2543 sisse
287 2481 320 2541 in
345 2479 447 2543 officio
477 2480 776 2562 demonstravimus,
805 2481 1001 2563 principatus
1029 2485 1125 2562 atque
1153 2482 1254 2564 impe-

184 2586 270 2648 rium
294 2592 341 2650 est
364 2587 524 2649 traditum.
1266 2605 1294 2648 30

145 2708 167 2761 9
276 2693 403 2776 Caesar,
435 2699 603 2777 postquam
638 2713 679 2757 ex
712 2692 869 2775 Menapiis
900 2694 937 2756 in
968 2694 1121 2756 Treveros
1158 2695 1279 2776 reniti

158 2800 309 2864 aduabus
343 2802 382 2864 de
414 2803 520 2864 causis
552 2800 702 2864 Rhenum
734 2801 870 2863 transire
902 2802 1080 2880 constituit3
1115 2820 1254 2882 quarum

185 2926 250 2969 una
273 2911 353 2982 erat,
379 2909 464 2990 quod
491 2906 673 2992 (Germani)
700 2908 821 2971 auxilia
844 2912 955 2970 contra
978 2927 1011 2971 se
1026 2908 1171 2972 Treveris
1194 2910 1254 2972 mi-

185 3018 305 3096 serant,
338 3014 447 3096 altera,
482 3033 522 3078 ne
555 3016 595 3078 ad
628 3034 682 3079 eos
715 3014 887 3078 Ambiorix
918 3019 1080 3097 receptum
1112 3015 1252 3081 haberet.

154 3120 234 3189 3his
258 3123 437 3184 constitutis
464 3121 560 3186 rebus
587 3122 683 3205 paulo
712 3141 808 3204 supra
836 3139 910 3184 eum
938 3122 1056 3203 locum,
1086 3140 1150 3202 quo
1180 3128 1279 3185 antes

154 3230 362 3294 rexercitum
384 3228 582 3311 traduxerat,
605 3229 708 3291 facere
726 3233 857 3310 pontem
880 3228 1026 3291 instituit.
1065 3234 1141 3291 nota
1156 3234 1253 3310 atque

184 3334 330 3397 instituta
352 3335 474 3398 ratione
494 3355 609 3418 magno
625 3335 763 3397 militum
780 3335 885 3398 studio
910 3336 1019 3417 paucis
1043 3333 1156 3398 diebus
1173 3354 1252 3418 opus

274 3527 301 3581 8.
323 3529 363 3580 14.
385 3530 417 3582 15
437 3530 515 3596 atque
535 3535 617 3596 caup
645 3526 652 3598 d
682 3530 714 3582 15
734 3528 826 3581 adesse
843 3529 974 3593 eumetpt
1001 3525 1009 3598 11
1038 3528 1071 3581 16
1090 3529 1117 3580 et
1135 3544 1188 3580 om.
1207 3535 1225 3593 β
1243 3525 1251 3598 ll

186 3619 218 3670 17
239 3617 355 3669 dimissis
373 3617 413 3684 X3
432 3617 522 3671 missis
535 3617 598 3669 HM
630 3616 637 3689 d
676 3616 709 3669 18
724 3616 816 3670 Nostri
828 3615 978 3682 celeriterp
1014 3614 1022 3686 11
1060 3616 1227 3684 aequorea
1244 3613 1252 3686 ΙΙ

184 3706 216 3759 21
239 3708 389 3759 nostrorum
408 3705 478 3772 HM;
498 3706 575 3760 modo
594 3705 624 3758 X
657 3704 665 3776 11
703 3705 737 3758 22
755 3704 908 3773 petiuerunt
926 3724 948 3774 φ
989 3703 997 3775 ll
1038 3704 1073 3757 24
1091 3705 1191 3774 recepit
1209 3705 1251 3772 “si

184 3795 278 3862 recipit
301 3794 339 3861 Op
376 3794 383 3866 11
421 3796 454 3850 26
474 3794 643 3848 contulerunt
660 3802 687 3861 β;
712 3797 870 3862 receperunt
889 3814 906 3846 a
947 3792 955 3865 11
995 3793 1064 3846 iisb
1105 3792 1113 3866 11
1155 3794 1188 3847 27
1209 3810 1251 3848 co·

184 3884 270 3936 mitati
288 3899 333 3937 eos
352 3884 401 3937 del.
421 3883 510 3952 Apita
546 3881 553 3954 ΙΙ
591 3884 625 3937 28
644 3887 813 3938 excesserant
832 3903 849 3934 a

272 3973 503 4040 9.1treuirosp
540 3971 547 4044 11
585 3974 609 4025 2.
630 3974 645 4026 3
665 3989 777 4040 quarum
790 3972 955 4042 erataltera,
975 3974 1075 4042 quodr}
1111 3971 1119 4044 11
1157 3973 1251 4027 3Ger·

183 4062 254 4115 mani
273 4063 334 4114 add.
355 4063 446 4115 Hotm.
483 4060 491 4133 11
528 4061 634 4114 treuiris
653 4062 740 4129 aba.)
778 4059 786 4133 11
823 4063 892 4115 dne
911 4061 1040 4115 ambiorix
1059 4064 1197 4130 receptum
1219 4061 1252 4116 ad

183 4158 264 4217 cosp
300 4149 308 4222 11
345 4152 421 4205 5his
440 4151 519 4205 rebus
538 4150 723 4216 constitutisp
759 4149 766 4221 d
803 4150 881 4218 paulo
899 4158 928 4218 β;
947 4149 1057 4218 paulum
1075 4150 1154 4219 a(a?)
1191 4149 1199 4222 11
1236 4153 1250 4205 7

182 4255 250 4307 opus
270 4240 361 4307 paucis
380 4240 509 4306 diebusp
