2924 4808
504 301 612 355 01000
629 301 651 355 1.
671 301 748 356 one.
765 301 881 354 12-14.
1064 368 1070 381 ¹
1205 287 1224 348 9

156 464 311 528 tribueret
338 469 394 527 ant
419 466 505 548 ipsos
529 465 712 547 despiceret.
759 484 793 528 se
816 465 862 527 ita
885 485 904 526 a
925 464 1068 546 patribus
1095 465 1252 530 maiori-e

155 571 281 652 busque
300 574 367 634 suis
386 571 549 654 didicisse,
569 577 605 634 nt
623 573 724 654 magis
744 572 861 634 virtute
881 572 1110 634 contenderent
1129 590 1225 652 quam

157 678 229 741 dolo
258 684 312 741 aut
343 679 471 741 insidiis
498 679 686 742 niterentur.
738 696 835 758 quare
867 697 906 742 ne
936 679 1157 759 committeret,
1189 684 1251 744 uta

155 786 183 847 is
201 784 304 867 locus,
328 784 385 848 ubi
404 786 628 864 constitissent,
647 804 689 848 ex
713 786 889 848 calamitate
911 785 1020 868 populi
1039 784 1175 847 Romani
1194 790 1226 848 et

113 915 141 956 00
154 892 371 955 internecione
395 892 555 955 exercitus
577 911 694 955 nomen
720 898 846 979 caperet
869 899 924 954 aut
945 893 1133 955 memoriam
1154 911 1225 973 pro-

126 998 252 1062 1deret.
284 997 346 1061 His
361 997 477 1061 Caesar
494 999 539 1060 ita
556 998 733 1081 respondit:
759 1018 796 1062 eo
811 999 873 1061 sibi
891 1000 998 1061 minus
1017 999 1224 1061 dubitationis
1243 1016 1277 1068 14

155 1105 238 1187 dari,
263 1107 350 1186 quod
373 1125 426 1168 eas
448 1125 513 1187 res,
538 1125 617 1188 quas
640 1106 736 1187 legati
755 1104 896 1169 Helvetii
915 1110 1224 1186 commemorassent,

153 1213 309 1275 memoria
327 1217 461 1294 teneret,
482 1218 576 1295 atque
596 1231 633 1275 eo
647 1214 777 1294 gravius
794 1213 891 1294 ferre,
912 1232 975 1293 quo
990 1213 1097 1274 minus
1111 1213 1223 1274 meritc

153 1319 265 1401 populi
287 1319 423 1382 Romani
452 1318 659 1396 accidissent,
691 1320 800 1399 quisi
828 1319 965 1383 alicuius
994 1319 1132 1381 iniuriae
1159 1317 1251 1382 sibie

126 1427 302 1510 eocnscius
329 1426 457 1507 fuisset,
485 1445 552 1488 non
580 1425 678 1488 fuisse
708 1424 837 1488 difficile
866 1445 990 1502 cavere;
1020 1424 1076 1488 sed
1104 1444 1141 1487 eo
1170 1425 1224 1487 de-

153 1538 294 1614 ceptum,
319 1532 405 1614 quod
428 1551 533 1613 neque
557 1533 761 1595 commissum
787 1552 805 1594 a
828 1551 862 1595 00
886 1532 1099 1615 intellegeret,
1126 1552 1224 1614 quare

152 1640 292 1721 timeret,
325 1658 430 1720 neque
463 1641 532 1702 sine
565 1658 662 1702 causa
690 1638 868 1702 timendum
897 1644 1029 1721 putaret.
1081 1640 1168 1720 quod
1196 1642 1251 1702 010

153 1747 272 1809 veteris
296 1746 507 1810 contumeliae
532 1746 677 1809 oblivisci
697 1746 805 1826 vellet,
829 1765 908 1809 num
932 1747 1028 1808 etiam
1048 1747 1223 1809 recentium

152 1853 360 1933 iniuriarum,
389 1853 474 1934 quod
500 1872 536 1915 eo
560 1854 662 1915 invito
686 1853 748 1916 iter
775 1872 832 1935 per
855 1853 1052 1935 provinciam
1075 1871 1133 1936 per
1156 1855 1222 1916 vim

111 1983 139 2024 1o
153 1965 373 2042 temptassent,
402 1960 488 2042 quod
510 1959 678 2041 Haeduos,
703 1959 789 2040 quod
812 1960 998 2042 Ambarros,
1023 1961 1109 2041 quod
1132 1961 1222 2022 Allo-

151 2066 268 2149 brogas
291 2072 475 2149 vexassent,
502 2069 687 2130 memoriam
713 2066 871 2149 deponere
894 2069 1007 2150 posse?
1055 2068 1141 2148 quod
1165 2087 1250 2130 suar

151 2173 287 2236 victoria
314 2179 380 2236 tam
406 2174 581 2236 insolenter
602 2173 815 2256 gloriarentur
838 2174 987 2255 quodque
1016 2175 1160 2237 tamdiu
1188 2193 1222 2237 se

151 2280 285 2362 impune
309 2281 443 2343 iniurias
470 2280 618 2343 intulisse
646 2281 890 2361 admirarentur,
919 2280 1031 2343 eodem
1053 2282 1220 2363 pertinere.

151 2406 323 2450 consuesse
346 2387 433 2449 enim
453 2387 529 2450 deos
547 2388 754 2469 immortaleS,
779 2406 842 2467 quo
862 2388 993 2470 gravius
1016 2388 1162 2450 homines
1180 2407 1248 2451 exe

110 2517 136 2557 15
152 2495 401 2557 commutatione
433 2513 540 2556 rerum
573 2494 715 2575 doleant,
753 2513 834 2575 quos
870 2514 927 2576 pro
960 2494 1078 2556 scelere
1110 2513 1221 2556 eorum

150 2600 266 2663 ulcisci
288 2600 402 2681 velint,
428 2601 477 2663 his
501 2600 705 2663 secundiores
728 2601 888 2663 interdum
912 2620 963 2663 res
986 2607 1017 2664 et
1043 2601 1220 2664 diuturnio-

150 2726 221 2770 rem
246 2708 470 2790 impunitatem
493 2708 673 2770 concedere.
721 2726 794 2770 cum
818 2726 856 2770 ea
878 2709 922 2770 ita
945 2709 1022 2790 sint,
1050 2714 1169 2783 tamen,
1192 2709 1247 2771 sie

151 2813 279 2877 obsides
298 2813 337 2876 ab
355 2816 395 2877 iis
415 2814 476 2877 sibi
495 2815 622 2896 dentur,
642 2816 691 2876 uti
710 2833 758 2894 ea,
779 2834 861 2895 quae
880 2816 1102 2898 polliceantur,
1121 2815 1220 2878 sactu-

149 2940 203 2984 ros
222 2921 397 3004 intellegat,
421 2926 453 2984 et
475 2922 502 2984 si
520 2920 665 2983 Haeduis
685 2922 724 2984 de
744 2922 885 3003 iniuriis,
911 2941 988 3002 quas
1012 2923 1090 3005 ipsis
1110 2923 1221 2986 sociis-

109 3050 136 3092 2o
151 3047 215 3110 que
238 3047 349 3090 eorum
372 3028 552 3109 intulerint,
581 3029 658 3090 item
681 3029 709 3089 si
732 3028 961 3111 Allobrogibus
990 3030 1066 3092 satis
1093 3029 1220 3112 faciant,

150 3153 220 3198 sese
253 3154 325 3198 cum
358 3136 400 3198 iis
431 3154 543 3218 pacem
576 3153 645 3198 esse
677 3135 843 3197 facturum.
894 3134 1007 3199 Divico
1040 3138 1247 3220 respondite

150 3243 196 3304 ita
221 3241 390 3305 Helvetios
423 3263 440 3304 a
472 3240 648 3304 maioribus
676 3243 743 3304 suis
776 3243 937 3304 institutos
970 3261 1051 3325 esse,
1084 3245 1132 3307 nti
1166 3244 1220 3307 ob·

150 3348 234 3412 sides
263 3351 417 3432 accipere,
450 3369 516 3411 non
549 3349 624 3411 dare
652 3351 851 3428 consuerint3
886 3351 953 3412 eius
985 3352 1033 3412 rei
1065 3347 1246 3434 populum'

149 3455 330 3518 Romanum
372 3475 441 3520 esse
483 3462 603 3519 testem.
663 3456 723 3518 hoc
760 3475 912 3539 responso
951 3457 1022 3520 dato
1066 3459 1219 3522 discessit.

241 3678 282 3728 17.
295 3675 328 3729 18
338 3676 528 3729 contenderent
537 3693 616 3744 quam
627 3676 686 3730 dolo
696 3676 807 3743 Dicta,
822 3694 902 3745 quam
913 3677 970 3730 dolo
981 3679 1171 3731 contenderent
1180 3680 1210 3731 X
1214 3698 1219 3746 ;

150 3766 339 3818 contenderent
357 3766 407 3819 del.
426 3766 534 3819 Gruter.
573 3764 580 3836 ll
618 3766 651 3819 19
671 3766 871 3820 constituissent
880 3767 914 3818 M
917 3767 986 3832 ¹Q¹p
1022 3766 1030 3837 ll
1068 3768 1102 3821 20
1120 3772 1167 3821 aut
1180 3769 1219 3834 X;

149 3870 180 3907 ac
199 3853 290 3906 Halm.

239 3954 283 4007 14.
303 3953 321 4004 4
345 3952 503 4006 accidissent
517 3972 549 4022 23
574 3953 713 4006 accidisset
731 3961 770 4022 φβ
812 3952 819 4023 ll
861 3955 1017 4022 7000101]
1043 3954 1172 4019 Quisila
1212 3955 1219 4025 ll

151 4041 652 4111 10.1101101003000;0110111ος00οβ
688 4042 696 4113 ΙΙ
736 4045 766 4095 11
780 4044 934 4096 memoriam
944 4063 975 4113 23
996 4045 1121 4096 memoria
1135 4051 1174 4112 φβ
1211 4044 1219 4115 ll

150 4145 227 4198 posse
238 4129 324 4198 M0p;
339 4133 429 4199 posset
434 4131 484 4199 ff
507 4129 515 4202 ll
540 4133 573 4184 13
584 4131 706 4185 intulisse
716 4132 876 4198 Prummu,
891 4132 983 4185 tulisse
993 4132 1023 4184 X
1044 4132 1051 4202 l}
1081 4134 1113 4186 16
1124 4134 1156 4186 iis
1162 4154 1183 4202 χ
1211 4134 1219 4204 il

151 4219 323 4273 lantsoni
359 4218 367 4291 ll
405 4221 436 4272 21
457 4221 541 4273 111οπ
