<?xml version="1.0" encoding="UTF-8"?>
<!DOCTYPE html PUBLIC "-//W3C//DTD XHTML 1.0 Transitional//EN"
    "http://www.w3.org/TR/xhtml1/DTD/xhtml1-transitional.dtd">
<html xmlns="http://www.w3.org/1999/xhtml" xml:lang="en" lang="en">
 <head>
  <title>
</title>
<meta http-equiv="Content-Type" content="text/html;charset=utf-8" />
  <meta name='ocr-system' content='tesseract 3.04.00' />
  <meta name='ocr-capabilities' content='ocr_page ocr_carea ocr_par ocr_line ocrx_word'/>
</head>
<body>
  <div class='ocr_page' id='page_1' title='image "./ciuliicaesarisb01meusgoog_0241.png"; bbox 0 0 2924 4808; ppageno 0'>
   <div class='ocr_carea' id='block_1_1' title="bbox 523 310 1260 376">
    <p class='ocr_par' dir='ltr' id='par_1_1' title="bbox 523 310 1260 376">
     <span class='ocr_line' id='line_1_1' title="bbox 523 310 1260 376; baseline -0.008 0"><span class='ocrx_word' id='word_1_1' title='bbox 523 322 631 376; x_wconf 84' lang='lat' dir='ltr'><strong>LIBER</strong></span> <span class='ocrx_word' id='word_1_2' title='bbox 649 322 723 376; x_wconf 88' lang='lat' dir='ltr'>VIII.</span> <span class='ocrx_word' id='word_1_3' title='bbox 749 322 827 376; x_wconf 84' lang='lat' dir='ltr'>CAP.</span> <span class='ocrx_word' id='word_1_4' title='bbox 846 324 928 376; x_wconf 80' lang='lat'>4-7.</span> <span class='ocrx_word' id='word_1_5' title='bbox 1197 310 1260 371; x_wconf 84' lang='grc'>221</span> 
     </span>
    </p>
   </div>
   <div class='ocr_carea' id='block_1_2' title="bbox 150 485 1399 3771">
    <p class='ocr_par' dir='ltr' id='par_1_2' title="bbox 193 485 1290 675">
     <span class='ocr_line' id='line_1_2' title="bbox 193 485 1262 568; baseline 0.002 -20"><span class='ocrx_word' id='word_1_6' title='bbox 193 505 268 548; x_wconf 92' lang='lat' dir='ltr'>nam</span> <span class='ocrx_word' id='word_1_7' title='bbox 295 485 485 568; x_wconf 90' lang='lat' dir='ltr'>plerumque</span> <span class='ocrx_word' id='word_1_8' title='bbox 512 505 627 568; x_wconf 89' lang='lat' dir='ltr'>magna</span> <span class='ocrx_word' id='word_1_9' title='bbox 658 485 775 568; x_wconf 91' lang='lat' dir='ltr'>praeda</span> <span class='ocrx_word' id='word_1_10' title='bbox 801 486 895 568; x_wconf 88' lang='lat' dir='ltr'>potiti</span> <span class='ocrx_word' id='word_1_11' title='bbox 922 487 1022 549; x_wconf 83' lang='lat' dir='ltr'>nostri</span> <span class='ocrx_word' id='word_1_12' title='bbox 1050 490 1262 550; x_wconf 86' lang='lat' dir='ltr'>revertuntur.</span> 
     </span>
     <span class='ocr_line' id='line_1_3' title="bbox 193 590 1290 675; baseline 0.004 -21"><span class='ocrx_word' id='word_1_13' title='bbox 193 593 338 675; x_wconf 85' lang='lat' dir='ltr'>oppressi</span> <span class='ocrx_word' id='word_1_14' title='bbox 355 590 507 656; x_wconf 80' lang='lat' dir='ltr'>Carnutes</span> <span class='ocrx_word' id='word_1_15' title='bbox 527 592 642 655; x_wconf 89' lang='lat' dir='ltr'>hiemis</span> <span class='ocrx_word' id='word_1_16' title='bbox 659 591 857 673; x_wconf 87' lang='lat' dir='ltr'>difficultate,</span> <span class='ocrx_word' id='word_1_17' title='bbox 880 597 1000 655; x_wconf 89' lang='lat' dir='ltr'>terrore</span> <span class='ocrx_word' id='word_1_18' title='bbox 1014 593 1164 675; x_wconf 86' lang='lat' dir='ltr'>periculi,</span> <span class='ocrx_word' id='word_1_19' title='bbox 1188 613 1290 658; x_wconf 68' lang='lat' dir='ltr'>cumr</span> 
     </span>
    </p>

    <p class='ocr_par' dir='ltr' id='par_1_3' title="bbox 150 698 1263 1083">
     <span class='ocr_line' id='line_1_4' title="bbox 150 698 1263 780; baseline -0.002 -14"><span class='ocrx_word' id='word_1_20' title='bbox 150 699 285 766; x_wconf 72' lang='lat' dir='ltr'>retectis</span> <span class='ocrx_word' id='word_1_21' title='bbox 309 698 436 780; x_wconf 85' lang='lat' dir='ltr'>expulsi</span> <span class='ocrx_word' id='word_1_22' title='bbox 462 699 552 762; x_wconf 91' lang='lat' dir='ltr'>nullo</span> <span class='ocrx_word' id='word_1_23' title='bbox 579 699 649 761; x_wconf 91' lang='lat' dir='ltr'>loco</span> <span class='ocrx_word' id='word_1_24' title='bbox 678 698 801 761; x_wconf 90' lang='lat' dir='ltr'>diutius</span> <span class='ocrx_word' id='word_1_25' title='bbox 829 699 1003 762; x_wconf 79' lang='lat' dir='ltr'>consistere</span> <span class='ocrx_word' id='word_1_26' title='bbox 1027 699 1181 763; x_wconf 82' lang='lat' dir='ltr'>auderent</span> <span class='ocrx_word' id='word_1_27' title='bbox 1203 720 1263 764; x_wconf 90' lang='lat' dir='ltr'>nco</span> 
     </span>
     <span class='ocr_line' id='line_1_5' title="bbox 192 805 1262 889; baseline 0.002 -21"><span class='ocrx_word' id='word_1_28' title='bbox 192 805 347 869; x_wconf 91' lang='lat' dir='ltr'>silvarum</span> <span class='ocrx_word' id='word_1_29' title='bbox 369 806 528 888; x_wconf 91' lang='lat' dir='ltr'>praesidio</span> <span class='ocrx_word' id='word_1_30' title='bbox 557 805 797 888; x_wconf 77' lang='lat' dir='ltr'>tempestatibus</span> <span class='ocrx_word' id='word_1_31' title='bbox 826 805 1006 869; x_wconf 89' lang='lat' dir='ltr'>durissimis</span> <span class='ocrx_word' id='word_1_32' title='bbox 1034 808 1097 889; x_wconf 90' lang='lat' dir='ltr'>tegi</span> <span class='ocrx_word' id='word_1_33' title='bbox 1123 812 1262 889; x_wconf 91' lang='lat' dir='ltr'>possent,</span> 
     </span>
     <span class='ocr_line' id='line_1_6' title="bbox 193 912 1263 996; baseline 0.001 -21"><span class='ocrx_word' id='word_1_34' title='bbox 193 912 329 996; x_wconf 88' lang='lat' dir='ltr'>dispersi</span> <span class='ocrx_word' id='word_1_35' title='bbox 351 931 466 995; x_wconf 89' lang='lat' dir='ltr'>magna</span> <span class='ocrx_word' id='word_1_36' title='bbox 488 917 577 995; x_wconf 90' lang='lat' dir='ltr'>parte</span> <span class='ocrx_word' id='word_1_37' title='bbox 600 914 715 975; x_wconf 86' lang='lat' dir='ltr'>amissa</span> <span class='ocrx_word' id='word_1_38' title='bbox 738 931 870 976; x_wconf 90' lang='lat' dir='ltr'>suorum</span> <span class='ocrx_word' id='word_1_39' title='bbox 894 912 1091 995; x_wconf 88' lang='lat' dir='ltr'>dissipantur</span> <span class='ocrx_word' id='word_1_40' title='bbox 1112 915 1147 975; x_wconf 93' lang='lat' dir='ltr'>iu</span> <span class='ocrx_word' id='word_1_41' title='bbox 1165 913 1263 977; x_wconf 88' lang='lat' dir='ltr'>finiti-</span> 
     </span>
     <span class='ocr_line' id='line_1_7' title="bbox 192 1020 439 1083; baseline -0.004 -2"><span class='ocrx_word' id='word_1_42' title='bbox 192 1039 262 1082; x_wconf 87' lang='lat' dir='ltr'>mas</span> <span class='ocrx_word' id='word_1_43' title='bbox 286 1020 439 1083; x_wconf 85' lang='lat' dir='ltr'>civitates.</span> 
     </span>
    </p>

    <p class='ocr_par' dir='ltr' id='par_1_4' title="bbox 165 1106 1399 1530">
     <span class='ocr_line' id='line_1_8' title="bbox 165 1106 1399 1208; baseline 0.001 -14"><span class='ocrx_word' id='word_1_44' title='bbox 165 1152 179 1194; x_wconf 85' lang='lat'>1</span> <span class='ocrx_word' id='word_1_45' title='bbox 284 1125 399 1190; x_wconf 77' lang='lat' dir='ltr'>Caesar</span> <span class='ocrx_word' id='word_1_46' title='bbox 426 1131 567 1208; x_wconf 90' lang='lat' dir='ltr'>tempore</span> <span class='ocrx_word' id='word_1_47' title='bbox 591 1127 667 1188; x_wconf 90' lang='lat' dir='ltr'>anni</span> <span class='ocrx_word' id='word_1_48' title='bbox 696 1124 900 1208; x_wconf 87' lang='lat' dir='ltr'>difficillimo,</span> <span class='ocrx_word' id='word_1_49' title='bbox 930 1146 1003 1189; x_wconf 92' lang='lat' dir='ltr'>cum</span> <span class='ocrx_word' id='word_1_50' title='bbox 1031 1127 1107 1190; x_wconf 92' lang='lat' dir='ltr'>satis</span> <span class='ocrx_word' id='word_1_51' title='bbox 1132 1127 1299 1195; x_wconf 76' lang='lat' dir='ltr'>habcrctss</span> <span class='ocrx_word' id='word_1_52' title='bbox 1380 1106 1399 1128; x_wconf 21' lang='grc' dir='ltr'>Ἰ</span> 
     </span>
     <span class='ocr_line' id='line_1_9' title="bbox 193 1232 1263 1315; baseline 0.001 -19"><span class='ocrx_word' id='word_1_53' title='bbox 193 1233 423 1297; x_wconf 87' lang='lat' dir='ltr'>couvenientes</span> <span class='ocrx_word' id='word_1_54' title='bbox 439 1252 554 1296; x_wconf 91' lang='lat' dir='ltr'>manus</span> <span class='ocrx_word' id='word_1_55' title='bbox 570 1232 740 1315; x_wconf 90' lang='lat' dir='ltr'>dissipare,</span> <span class='ocrx_word' id='word_1_56' title='bbox 756 1250 796 1295; x_wconf 94' lang='lat' dir='ltr'>ne</span> <span class='ocrx_word' id='word_1_57' title='bbox 813 1232 900 1314; x_wconf 95' lang='lat' dir='ltr'>quod</span> <span class='ocrx_word' id='word_1_58' title='bbox 915 1233 1046 1295; x_wconf 92' lang='lat' dir='ltr'>initium</span> <span class='ocrx_word' id='word_1_59' title='bbox 1062 1233 1138 1297; x_wconf 91' lang='lat' dir='ltr'>belli</span> <span class='ocrx_word' id='word_1_60' title='bbox 1153 1253 1263 1297; x_wconf 92' lang='lat' dir='ltr'>nasce-</span> 
     </span>
     <span class='ocr_line' id='line_1_10' title="bbox 193 1339 1264 1422; baseline 0.003 -21"><span class='ocrx_word' id='word_1_61' title='bbox 193 1344 295 1421; x_wconf 90' lang='lat' dir='ltr'>retur,</span> <span class='ocrx_word' id='word_1_62' title='bbox 324 1344 543 1422; x_wconf 91' lang='lat' dir='ltr'>quantumque</span> <span class='ocrx_word' id='word_1_63' title='bbox 574 1340 608 1400; x_wconf 92' lang='lat' dir='ltr'>in</span> <span class='ocrx_word' id='word_1_64' title='bbox 636 1340 757 1402; x_wconf 89' lang='lat' dir='ltr'>ratione</span> <span class='ocrx_word' id='word_1_65' title='bbox 782 1343 877 1422; x_wconf 91' lang='lat' dir='ltr'>esset,</span> <span class='ocrx_word' id='word_1_66' title='bbox 907 1339 1107 1422; x_wconf 86' lang='lat' dir='ltr'>exploratum</span> <span class='ocrx_word' id='word_1_67' title='bbox 1133 1340 1264 1404; x_wconf 87' lang='lat' dir='ltr'>haberet</span> 
     </span>
     <span class='ocr_line' id='line_1_11' title="bbox 193 1445 1263 1530; baseline 0.002 -21"><span class='ocrx_word' id='word_1_68' title='bbox 193 1446 254 1509; x_wconf 92' lang='lat' dir='ltr'>sub</span> <span class='ocrx_word' id='word_1_69' title='bbox 287 1451 412 1529; x_wconf 88' lang='lat' dir='ltr'>tempus</span> <span class='ocrx_word' id='word_1_70' title='bbox 445 1447 640 1509; x_wconf 87' lang='lat' dir='ltr'>aestivorum</span> <span class='ocrx_word' id='word_1_71' title='bbox 672 1445 797 1508; x_wconf 90' lang='lat' dir='ltr'>nullum</span> <span class='ocrx_word' id='word_1_72' title='bbox 829 1465 992 1509; x_wconf 91' lang='lat' dir='ltr'>summum</span> <span class='ocrx_word' id='word_1_73' title='bbox 1019 1446 1139 1510; x_wconf 93' lang='lat' dir='ltr'>bellum</span> <span class='ocrx_word' id='word_1_74' title='bbox 1170 1467 1263 1530; x_wconf 90' lang='lat' dir='ltr'>posse</span> 
     </span>
    </p>

    <p class='ocr_par' dir='ltr' id='par_1_5' title="bbox 163 1551 1290 2044">
     <span class='ocr_line' id='line_1_12' title="bbox 163 1551 1262 1636; baseline -0.002 -16"><span class='ocrx_word' id='word_1_75' title='bbox 163 1552 341 1635; x_wconf 77' lang='lat' dir='ltr'>aconilari,</span> <span class='ocrx_word' id='word_1_76' title='bbox 361 1551 392 1615; x_wconf 85' lang='grc' dir='ltr'>Ο.</span> <span class='ocrx_word' id='word_1_77' title='bbox 404 1553 595 1616; x_wconf 83' lang='lat' dir='ltr'>Trebonium</span> <span class='ocrx_word' id='word_1_78' title='bbox 614 1573 688 1616; x_wconf 89' lang='lat' dir='ltr'>cum</span> <span class='ocrx_word' id='word_1_79' title='bbox 703 1552 827 1616; x_wconf 92' lang='lat' dir='ltr'>duabus</span> <span class='ocrx_word' id='word_1_80' title='bbox 842 1553 1035 1636; x_wconf 82' lang='lat' dir='ltr'>legionibus,</span> <span class='ocrx_word' id='word_1_81' title='bbox 1055 1574 1134 1635; x_wconf 89' lang='lat' dir='ltr'>quas</span> <span class='ocrx_word' id='word_1_82' title='bbox 1153 1573 1262 1618; x_wconf 91' lang='lat' dir='ltr'>secum</span> 
     </span>
     <span class='ocr_line' id='line_1_13' title="bbox 195 1657 1290 1742; baseline 0.001 -19"><span class='ocrx_word' id='word_1_83' title='bbox 195 1659 344 1742; x_wconf 86' lang='lat' dir='ltr'>habebat,</span> <span class='ocrx_word' id='word_1_84' title='bbox 366 1662 401 1723; x_wconf 88' lang='lat' dir='ltr'>in</span> <span class='ocrx_word' id='word_1_85' title='bbox 425 1660 567 1723; x_wconf 91' lang='lat' dir='ltr'>hibernis</span> <span class='ocrx_word' id='word_1_86' title='bbox 584 1657 702 1723; x_wconf 78' lang='lat' dir='ltr'>Cenabi</span> <span class='ocrx_word' id='word_1_87' title='bbox 728 1659 921 1738; x_wconf 77' lang='lat' dir='ltr'>conlocavit,</span> <span class='ocrx_word' id='word_1_88' title='bbox 946 1661 1025 1742; x_wconf 91' lang='lat' dir='ltr'>ipse,</span> <span class='ocrx_word' id='word_1_89' title='bbox 1050 1679 1122 1722; x_wconf 94' lang='lat' dir='ltr'>cum</span> <span class='ocrx_word' id='word_1_90' title='bbox 1144 1661 1290 1725; x_wconf 84' lang='lat' dir='ltr'>crebrisa</span> 
     </span>
     <span class='ocr_line' id='line_1_14' title="bbox 194 1765 1263 1850; baseline 0.001 -22"><span class='ocrx_word' id='word_1_91' title='bbox 194 1766 410 1850; x_wconf 87' lang='lat' dir='ltr'>legationibus</span> <span class='ocrx_word' id='word_1_92' title='bbox 433 1766 605 1829; x_wconf 89' lang='lat' dir='ltr'>Remorum</span> <span class='ocrx_word' id='word_1_93' title='bbox 631 1767 747 1829; x_wconf 82' lang='lat' dir='ltr'>certior</span> <span class='ocrx_word' id='word_1_94' title='bbox 768 1765 857 1831; x_wconf 91' lang='lat' dir='ltr'>fieret</span> <span class='ocrx_word' id='word_1_95' title='bbox 881 1766 1079 1848; x_wconf 90' lang='lat' dir='ltr'>Bellovacos,</span> <span class='ocrx_word' id='word_1_96' title='bbox 1109 1767 1164 1849; x_wconf 93' lang='lat' dir='ltr'>qui</span> <span class='ocrx_word' id='word_1_97' title='bbox 1188 1766 1263 1830; x_wconf 91' lang='lat' dir='ltr'>belli</span> 
     </span>
     <span class='ocr_line' id='line_1_15' title="bbox 194 1872 1263 1957; baseline 0.001 -21"><span class='ocrx_word' id='word_1_98' title='bbox 194 1874 299 1957; x_wconf 89' lang='lat' dir='ltr'>gloria</span> <span class='ocrx_word' id='word_1_99' title='bbox 325 1873 432 1937; x_wconf 80' lang='lat' dir='ltr'>Gades</span> <span class='ocrx_word' id='word_1_100' title='bbox 460 1892 570 1936; x_wconf 94' lang='lat' dir='ltr'>omnes</span> <span class='ocrx_word' id='word_1_101' title='bbox 597 1873 777 1956; x_wconf 86' lang='lat' dir='ltr'>Belgasque</span> <span class='ocrx_word' id='word_1_102' title='bbox 804 1872 1020 1955; x_wconf 84' lang='lat' dir='ltr'>praestabant,</span> <span class='ocrx_word' id='word_1_103' title='bbox 1047 1872 1263 1956; x_wconf 89' lang='lat' dir='ltr'>finitimasque</span> 
     </span>
     <span class='ocr_line' id='line_1_16' title="bbox 195 1978 1263 2044; baseline 0 -2"><span class='ocrx_word' id='word_1_104' title='bbox 195 1981 244 2044; x_wconf 90' lang='lat' dir='ltr'>his</span> <span class='ocrx_word' id='word_1_105' title='bbox 268 1981 413 2044; x_wconf 83' lang='lat' dir='ltr'>civitates</span> <span class='ocrx_word' id='word_1_106' title='bbox 442 1981 522 2043; x_wconf 92' lang='lat' dir='ltr'>duce</span> <span class='ocrx_word' id='word_1_107' title='bbox 551 1978 666 2043; x_wconf 78' lang='lat' dir='ltr'>Correo</span> <span class='ocrx_word' id='word_1_108' title='bbox 690 1979 860 2043; x_wconf 82' lang='lat' dir='ltr'>Bellovaco</span> <span class='ocrx_word' id='word_1_109' title='bbox 889 1984 920 2042; x_wconf 93' lang='lat' dir='ltr'>et</span> <span class='ocrx_word' id='word_1_110' title='bbox 943 1978 1087 2043; x_wconf 84' lang='lat' dir='ltr'>Commio</span> <span class='ocrx_word' id='word_1_111' title='bbox 1111 1980 1263 2044; x_wconf 86' lang='lat' dir='ltr'>Atrebate</span> 
     </span>
    </p>

    <p class='ocr_par' dir='ltr' id='par_1_6' title="bbox 154 2086 1299 3771">
     <span class='ocr_line' id='line_1_17' title="bbox 154 2086 1265 2170; baseline -0.002 -18"><span class='ocrx_word' id='word_1_112' title='bbox 154 2109 183 2152; x_wconf 80' lang='grc' dir='ltr'>ιο</span> <span class='ocrx_word' id='word_1_113' title='bbox 196 2088 357 2151; x_wconf 86' lang='lat' dir='ltr'>exercitus</span> <span class='ocrx_word' id='word_1_114' title='bbox 388 2105 571 2169; x_wconf 90' lang='lat' dir='ltr'>comparare</span> <span class='ocrx_word' id='word_1_115' title='bbox 603 2090 697 2169; x_wconf 92' lang='lat' dir='ltr'>atque</span> <span class='ocrx_word' id='word_1_116' title='bbox 729 2086 763 2148; x_wconf 91' lang='lat' dir='ltr'>in</span> <span class='ocrx_word' id='word_1_117' title='bbox 796 2106 898 2149; x_wconf 92' lang='lat' dir='ltr'>unum</span> <span class='ocrx_word' id='word_1_118' title='bbox 930 2087 1038 2150; x_wconf 88' lang='lat' dir='ltr'>locum</span> <span class='ocrx_word' id='word_1_119' title='bbox 1069 2105 1195 2170; x_wconf 87' lang='lat' dir='ltr'>cogere,</span> <span class='ocrx_word' id='word_1_120' title='bbox 1228 2092 1265 2150; x_wconf 93' lang='lat' dir='ltr'>ut</span> 
     </span>
     <span class='ocr_line' id='line_1_18' title="bbox 195 2191 1265 2275; baseline -0.001 -18"><span class='ocrx_word' id='word_1_121' title='bbox 195 2195 284 2257; x_wconf 90' lang='lat' dir='ltr'>omni</span> <span class='ocrx_word' id='word_1_122' title='bbox 306 2193 511 2257; x_wconf 89' lang='lat' dir='ltr'>multitudine</span> <span class='ocrx_word' id='word_1_123' title='bbox 538 2195 573 2255; x_wconf 93' lang='lat' dir='ltr'>iu</span> <span class='ocrx_word' id='word_1_124' title='bbox 600 2192 679 2255; x_wconf 91' lang='lat' dir='ltr'>fines</span> <span class='ocrx_word' id='word_1_125' title='bbox 703 2191 925 2274; x_wconf 83' lang='lat' dir='ltr'>Suessionum,</span> <span class='ocrx_word' id='word_1_126' title='bbox 954 2194 1011 2275; x_wconf 92' lang='lat' dir='ltr'>qui</span> <span class='ocrx_word' id='word_1_127' title='bbox 1038 2193 1147 2257; x_wconf 88' lang='lat' dir='ltr'>Remis</span> <span class='ocrx_word' id='word_1_128' title='bbox 1175 2200 1265 2257; x_wconf 93' lang='lat' dir='ltr'>erant</span> 
     </span>
     <span class='ocr_line' id='line_1_19' title="bbox 194 2301 1263 2382; baseline -0.001 -18"><span class='ocrx_word' id='word_1_129' title='bbox 194 2301 352 2382; x_wconf 86' lang='lat' dir='ltr'>attributi,</span> <span class='ocrx_word' id='word_1_130' title='bbox 374 2301 512 2363; x_wconf 85' lang='lat' dir='ltr'>facerent</span> <span class='ocrx_word' id='word_1_131' title='bbox 533 2301 788 2382; x_wconf 89' lang='lat' dir='ltr'>impressionem,</span> <span class='ocrx_word' id='word_1_132' title='bbox 811 2301 971 2381; x_wconf 89' lang='lat' dir='ltr'>pertinere</span> <span class='ocrx_word' id='word_1_133' title='bbox 986 2305 1092 2363; x_wconf 88' lang='lat' dir='ltr'>autem</span> <span class='ocrx_word' id='word_1_134' title='bbox 1111 2320 1174 2363; x_wconf 92' lang='lat' dir='ltr'>non</span> <span class='ocrx_word' id='word_1_135' title='bbox 1186 2306 1263 2364; x_wconf 80' lang='lat' dir='ltr'>&#39;tan-</span> 
     </span>
     <span class='ocr_line' id='line_1_20' title="bbox 194 2392 1264 2491; baseline 0 -21"><span class='ocrx_word' id='word_1_136' title='bbox 194 2413 264 2471; x_wconf 91' lang='lat' dir='ltr'>tum</span> <span class='ocrx_word' id='word_1_137' title='bbox 287 2408 329 2470; x_wconf 92' lang='lat' dir='ltr'>ad</span> <span class='ocrx_word' id='word_1_138' title='bbox 352 2408 551 2491; x_wconf 89' lang='lat' dir='ltr'>dignitatem,</span> <span class='ocrx_word' id='word_1_139' title='bbox 574 2392 750 2470; x_wconf 86' lang='lat' dir='ltr'>sedetiam</span> <span class='ocrx_word' id='word_1_140' title='bbox 774 2405 813 2467; x_wconf 93' lang='lat' dir='ltr'>ad</span> <span class='ocrx_word' id='word_1_141' title='bbox 837 2406 971 2470; x_wconf 92' lang='lat' dir='ltr'>salutem</span> <span class='ocrx_word' id='word_1_142' title='bbox 995 2426 1085 2469; x_wconf 88' lang='lat' dir='ltr'>suam</span> <span class='ocrx_word' id='word_1_143' title='bbox 1109 2407 1264 2470; x_wconf 88' lang='lat' dir='ltr'>iudicaret</span> 
     </span>
     <span class='ocr_line' id='line_1_21' title="bbox 194 2513 1264 2596; baseline -0.002 -18"><span class='ocrx_word' id='word_1_144' title='bbox 194 2515 318 2578; x_wconf 92' lang='lat' dir='ltr'>nullam</span> <span class='ocrx_word' id='word_1_145' title='bbox 341 2514 553 2577; x_wconf 81' lang='lat' dir='ltr'>calamitatem</span> <span class='ocrx_word' id='word_1_146' title='bbox 581 2513 683 2576; x_wconf 90' lang='lat' dir='ltr'>socios</span> <span class='ocrx_word' id='word_1_147' title='bbox 706 2514 823 2595; x_wconf 93' lang='lat' dir='ltr'>optime</span> <span class='ocrx_word' id='word_1_148' title='bbox 852 2513 891 2576; x_wconf 93' lang='lat' dir='ltr'>de</span> <span class='ocrx_word' id='word_1_149' title='bbox 919 2513 1105 2596; x_wconf 88' lang='lat' dir='ltr'>republica</span> <span class='ocrx_word' id='word_1_150' title='bbox 1132 2514 1264 2576; x_wconf 90' lang='lat' dir='ltr'>meritos</span> 
     </span>
     <span class='ocr_line' id='line_1_22' title="bbox 157 2618 1291 2704; baseline -0.002 -20"><span class='ocrx_word' id='word_1_151' title='bbox 157 2622 351 2704; x_wconf 75' lang='lat' dir='ltr'>reaccipere,</span> <span class='ocrx_word' id='word_1_152' title='bbox 373 2621 534 2703; x_wconf 92' lang='lat' dir='ltr'>legionem</span> <span class='ocrx_word' id='word_1_153' title='bbox 557 2639 599 2683; x_wconf 83' lang='lat' dir='ltr'>ex</span> <span class='ocrx_word' id='word_1_154' title='bbox 622 2619 765 2685; x_wconf 87' lang='lat' dir='ltr'>hibernis</span> <span class='ocrx_word' id='word_1_155' title='bbox 789 2626 899 2683; x_wconf 88' lang='lat' dir='ltr'>evocat</span> <span class='ocrx_word' id='word_1_156' title='bbox 921 2640 1032 2683; x_wconf 89' lang='lat' dir='ltr'>rursus</span> <span class='ocrx_word' id='word_1_157' title='bbox 1048 2618 1120 2701; x_wconf 84' lang='lat' dir='ltr'>XL,</span> <span class='ocrx_word' id='word_1_158' title='bbox 1143 2619 1291 2684; x_wconf 82' lang='lat' dir='ltr'>litterase</span> 
     </span>
     <span class='ocr_line' id='line_1_23' title="bbox 196 2725 1264 2808; baseline -0.001 -18"><span class='ocrx_word' id='word_1_159' title='bbox 196 2733 303 2792; x_wconf 85' lang='lat' dir='ltr'>autem</span> <span class='ocrx_word' id='word_1_160' title='bbox 318 2727 358 2791; x_wconf 91' lang='lat' dir='ltr'>ad</span> <span class='ocrx_word' id='word_1_161' title='bbox 374 2727 407 2792; x_wconf 81' lang='grc' dir='ltr'>Ο.</span> <span class='ocrx_word' id='word_1_162' title='bbox 420 2727 555 2790; x_wconf 86' lang='lat' dir='ltr'>Fabium</span> <span class='ocrx_word' id='word_1_163' title='bbox 571 2726 680 2807; x_wconf 91' lang='lat' dir='ltr'>mittit,</span> <span class='ocrx_word' id='word_1_164' title='bbox 701 2727 787 2788; x_wconf 92' lang='lat' dir='ltr'>utin</span> <span class='ocrx_word' id='word_1_165' title='bbox 802 2725 883 2789; x_wconf 90' lang='lat' dir='ltr'>fines</span> <span class='ocrx_word' id='word_1_166' title='bbox 900 2725 1106 2789; x_wconf 82' lang='lat' dir='ltr'>Suessionum</span> <span class='ocrx_word' id='word_1_167' title='bbox 1121 2726 1264 2808; x_wconf 88' lang='lat' dir='ltr'>legiones</span> 
     </span>
     <span class='ocr_line' id='line_1_24' title="bbox 195 2832 1263 2917; baseline -0.003 -19"><span class='ocrx_word' id='word_1_168' title='bbox 195 2835 289 2914; x_wconf 90' lang='lat' dir='ltr'>duas,</span> <span class='ocrx_word' id='word_1_169' title='bbox 314 2854 393 2917; x_wconf 91' lang='lat' dir='ltr'>quas</span> <span class='ocrx_word' id='word_1_170' title='bbox 411 2834 559 2915; x_wconf 93' lang='lat' dir='ltr'>habebat,</span> <span class='ocrx_word' id='word_1_171' title='bbox 582 2833 766 2914; x_wconf 89' lang='lat' dir='ltr'>adduceret,</span> <span class='ocrx_word' id='word_1_172' title='bbox 790 2833 985 2913; x_wconf 88' lang='lat' dir='ltr'>alteramque</span> <span class='ocrx_word' id='word_1_173' title='bbox 1010 2851 1051 2895; x_wconf 81' lang='lat' dir='ltr'>ex</span> <span class='ocrx_word' id='word_1_174' title='bbox 1074 2833 1199 2896; x_wconf 89' lang='lat' dir='ltr'>duabus</span> <span class='ocrx_word' id='word_1_175' title='bbox 1223 2832 1263 2895; x_wconf 93' lang='lat' dir='ltr'>ab</span> 
     </span>
     <span class='ocr_line' id='line_1_25' title="bbox 196 2940 1291 3026; baseline -0.004 -22"><span class='ocrx_word' id='word_1_176' title='bbox 196 2940 254 3026; x_wconf 65' lang='lat' dir='ltr'>[la]</span> <span class='ocrx_word' id='word_1_177' title='bbox 271 2941 412 3006; x_wconf 84' lang='lat' dir='ltr'>Labieno</span> <span class='ocrx_word' id='word_1_178' title='bbox 436 2941 573 3004; x_wconf 90' lang='lat' dir='ltr'>arcessit.</span> <span class='ocrx_word' id='word_1_179' title='bbox 612 2940 668 3020; x_wconf 90' lang='lat' dir='ltr'>ita,</span> <span class='ocrx_word' id='word_1_180' title='bbox 693 2945 846 3019; x_wconf 86' lang='lat' dir='ltr'>quantum</span> <span class='ocrx_word' id='word_1_181' title='bbox 871 2940 1079 3003; x_wconf 90' lang='lat' dir='ltr'>hibernorum</span> <span class='ocrx_word' id='word_1_182' title='bbox 1100 2940 1291 3022; x_wconf 75' lang='lat' dir='ltr'>oportuni-4</span> 
     </span>
     <span class='ocr_line' id='line_1_26' title="bbox 196 3046 1265 3131; baseline -0.004 -19"><span class='ocrx_word' id='word_1_183' title='bbox 196 3054 243 3112; x_wconf 86' lang='lat' dir='ltr'>tas</span> <span class='ocrx_word' id='word_1_184' title='bbox 267 3048 408 3131; x_wconf 90' lang='lat' dir='ltr'>bellique</span> <span class='ocrx_word' id='word_1_185' title='bbox 430 3049 510 3111; x_wconf 88' lang='lat' dir='ltr'>ratio</span> <span class='ocrx_word' id='word_1_186' title='bbox 529 3046 721 3130; x_wconf 92' lang='lat' dir='ltr'>postulabat,</span> <span class='ocrx_word' id='word_1_187' title='bbox 744 3052 896 3129; x_wconf 90' lang='lat' dir='ltr'>perpetuo</span> <span class='ocrx_word' id='word_1_188' title='bbox 913 3066 971 3109; x_wconf 94' lang='lat' dir='ltr'>suo</span> <span class='ocrx_word' id='word_1_189' title='bbox 987 3046 1095 3110; x_wconf 90' lang='lat' dir='ltr'>labore</span> <span class='ocrx_word' id='word_1_190' title='bbox 1111 3047 1145 3109; x_wconf 93' lang='lat' dir='ltr'>in</span> <span class='ocrx_word' id='word_1_191' title='bbox 1161 3048 1265 3110; x_wconf 87' lang='lat' dir='ltr'>vicem</span> 
     </span>
     <span class='ocr_line' id='line_1_27' title="bbox 172 3152 1299 3239; baseline 0.004 -25"><span class='ocrx_word' id='word_1_192' title='bbox 172 3154 378 3239; x_wconf 86' lang='lat' dir='ltr'>rlegionibus</span> <span class='ocrx_word' id='word_1_193' title='bbox 417 3153 658 3237; x_wconf 83' lang='lat' dir='ltr'>expeditionum</span> <span class='ocrx_word' id='word_1_194' title='bbox 697 3172 778 3215; x_wconf 91' lang='lat' dir='ltr'>onus</span> <span class='ocrx_word' id='word_1_195' title='bbox 816 3153 1011 3236; x_wconf 88' lang='lat' dir='ltr'>iniungebat.</span> <span class='ocrx_word' id='word_1_196' title='bbox 1068 3152 1129 3217; x_wconf 92' lang='lat' dir='ltr'>His</span> <span class='ocrx_word' id='word_1_197' title='bbox 1164 3155 1299 3236; x_wconf 65' lang='lat' dir='ltr'>copiis?</span> 
     </span>
     <span class='ocr_line' id='line_1_28' title="bbox 197 3259 1265 3343; baseline -0.002 -17"><span class='ocrx_word' id='word_1_198' title='bbox 197 3263 314 3326; x_wconf 88' lang='lat' dir='ltr'>coactis</span> <span class='ocrx_word' id='word_1_199' title='bbox 346 3262 385 3324; x_wconf 92' lang='lat' dir='ltr'>ad</span> <span class='ocrx_word' id='word_1_200' title='bbox 415 3261 603 3324; x_wconf 88' lang='lat' dir='ltr'>Bellovacos</span> <span class='ocrx_word' id='word_1_201' title='bbox 634 3259 846 3343; x_wconf 90' lang='lat' dir='ltr'>proficiscitur</span> <span class='ocrx_word' id='word_1_202' title='bbox 877 3261 1054 3342; x_wconf 92' lang='lat' dir='ltr'>castrisque</span> <span class='ocrx_word' id='word_1_203' title='bbox 1086 3262 1121 3323; x_wconf 91' lang='lat' dir='ltr'>in</span> <span class='ocrx_word' id='word_1_204' title='bbox 1154 3280 1265 3324; x_wconf 91' lang='lat' dir='ltr'>eorum</span> 
     </span>
     <span class='ocr_line' id='line_1_29' title="bbox 195 3366 1266 3452; baseline 0 -21"><span class='ocrx_word' id='word_1_205' title='bbox 195 3368 314 3432; x_wconf 88' lang='lat' dir='ltr'>finibus</span> <span class='ocrx_word' id='word_1_206' title='bbox 340 3369 452 3452; x_wconf 88' lang='lat' dir='ltr'>positis</span> <span class='ocrx_word' id='word_1_207' title='bbox 480 3368 625 3450; x_wconf 88' lang='lat' dir='ltr'>equitum</span> <span class='ocrx_word' id='word_1_208' title='bbox 652 3372 773 3430; x_wconf 92' lang='lat' dir='ltr'>turmas</span> <span class='ocrx_word' id='word_1_209' title='bbox 802 3366 935 3430; x_wconf 89' lang='lat' dir='ltr'>dimittit</span> <span class='ocrx_word' id='word_1_210' title='bbox 962 3367 996 3429; x_wconf 92' lang='lat' dir='ltr'>in</span> <span class='ocrx_word' id='word_1_211' title='bbox 1022 3387 1132 3432; x_wconf 92' lang='lat' dir='ltr'>omnes</span> <span class='ocrx_word' id='word_1_212' title='bbox 1159 3373 1266 3451; x_wconf 88' lang='lat' dir='ltr'>partes</span> 
     </span>
     <span class='ocr_line' id='line_1_30' title="bbox 198 3473 1266 3558; baseline -0.001 -20"><span class='ocrx_word' id='word_1_213' title='bbox 198 3475 237 3538; x_wconf 90' lang='lat' dir='ltr'>ad</span> <span class='ocrx_word' id='word_1_214' title='bbox 265 3475 390 3558; x_wconf 87' lang='lat' dir='ltr'>aliquos</span> <span class='ocrx_word' id='word_1_215' title='bbox 419 3473 636 3557; x_wconf 61' lang='lat' dir='ltr'>excipiendos</span> <span class='ocrx_word' id='word_1_216' title='bbox 669 3492 710 3536; x_wconf 82' lang='lat' dir='ltr'>ex</span> <span class='ocrx_word' id='word_1_217' title='bbox 739 3473 857 3554; x_wconf 93' lang='lat' dir='ltr'>quibus</span> <span class='ocrx_word' id='word_1_218' title='bbox 886 3474 1025 3537; x_wconf 93' lang='lat' dir='ltr'>hostium</span> <span class='ocrx_word' id='word_1_219' title='bbox 1053 3475 1186 3538; x_wconf 87' lang='lat' dir='ltr'>consilia</span> <span class='ocrx_word' id='word_1_220' title='bbox 1214 3494 1266 3538; x_wconf 93' lang='lat' dir='ltr'>co-</span> 
     </span>
     <span class='ocr_line' id='line_1_31' title="bbox 171 3580 1292 3665; baseline 0.002 -25"><span class='ocrx_word' id='word_1_221' title='bbox 171 3586 371 3665; x_wconf 79' lang='lat' dir='ltr'>rgnosceret.</span> <span class='ocrx_word' id='word_1_222' title='bbox 407 3583 529 3664; x_wconf 89' lang='lat' dir='ltr'>equites</span> <span class='ocrx_word' id='word_1_223' title='bbox 550 3580 652 3645; x_wconf 89' lang='lat' dir='ltr'>officio</span> <span class='ocrx_word' id='word_1_224' title='bbox 673 3580 775 3643; x_wconf 87' lang='lat' dir='ltr'>functi</span> <span class='ocrx_word' id='word_1_225' title='bbox 791 3581 977 3644; x_wconf 89' lang='lat' dir='ltr'>renuntiant</span> <span class='ocrx_word' id='word_1_226' title='bbox 991 3601 1109 3665; x_wconf 88' lang='lat' dir='ltr'>paucos</span> <span class='ocrx_word' id='word_1_227' title='bbox 1129 3583 1163 3644; x_wconf 93' lang='lat' dir='ltr'>iu</span> <span class='ocrx_word' id='word_1_228' title='bbox 1180 3581 1292 3644; x_wconf 86' lang='lat' dir='ltr'>aedi-a</span> 
     </span>
     <span class='ocr_line' id='line_1_32' title="bbox 196 3687 1266 3771; baseline -0.003 -18"><span class='ocrx_word' id='word_1_229' title='bbox 196 3687 280 3753; x_wconf 88' lang='lat' dir='ltr'>ficiis</span> <span class='ocrx_word' id='word_1_230' title='bbox 302 3706 371 3752; x_wconf 88' lang='lat' dir='ltr'>esse</span> <span class='ocrx_word' id='word_1_231' title='bbox 394 3689 543 3752; x_wconf 85' lang='lat' dir='ltr'>inventos</span> <span class='ocrx_word' id='word_1_232' title='bbox 566 3692 661 3768; x_wconf 90' lang='lat' dir='ltr'>atque</span> <span class='ocrx_word' id='word_1_233' title='bbox 680 3687 751 3770; x_wconf 90' lang='lat' dir='ltr'>hos,</span> <span class='ocrx_word' id='word_1_234' title='bbox 775 3706 839 3750; x_wconf 88' lang='lat' dir='ltr'>non</span> <span class='ocrx_word' id='word_1_235' title='bbox 862 3688 919 3769; x_wconf 90' lang='lat' dir='ltr'>qui</span> <span class='ocrx_word' id='word_1_236' title='bbox 944 3708 1093 3771; x_wconf 88' lang='lat' dir='ltr'>agrorum</span> <span class='ocrx_word' id='word_1_237' title='bbox 1116 3687 1266 3752; x_wconf 90' lang='lat' dir='ltr'>colendo·</span> 
     </span>
    </p>
   </div>
   <div class='ocr_carea' id='block_1_3' title="bbox 197 3879 1272 4309">
    <p class='ocr_par' dir='ltr' id='par_1_7' title="bbox 197 3879 1272 4221">
     <span class='ocr_line' id='line_1_33' title="bbox 286 3879 1265 3951; baseline -0.006 -12"><span class='ocrx_word' id='word_1_238' title='bbox 286 3882 315 3939; x_wconf 75' lang='lat'>⁶.</span> <span class='ocrx_word' id='word_1_239' title='bbox 335 3881 351 3934; x_wconf 86' lang='lat'><strong>2</strong></span> <span class='ocrx_word' id='word_1_240' title='bbox 369 3898 403 3936; x_wconf 93' lang='lat' dir='ltr'>ne</span> <span class='ocrx_word' id='word_1_241' title='bbox 422 3888 511 3949; x_wconf 62' lang='lat' dir='ltr'>onan</span> <span class='ocrx_word' id='word_1_242' title='bbox 542 3883 550 3951; x_wconf 96' lang='grc'>11</span> <span class='ocrx_word' id='word_1_243' title='bbox 583 3882 712 3948; x_wconf 74' lang='grc' dir='ltr'>ὃθεεθβ</span> <span class='ocrx_word' id='word_1_244' title='bbox 744 3885 752 3948; x_wconf 94' lang='grc'>11</span> <span class='ocrx_word' id='word_1_245' title='bbox 784 3880 948 3951; x_wconf 80' lang='lat' dir='ltr'>bgenabio</span> <span class='ocrx_word' id='word_1_246' title='bbox 980 3882 988 3950; x_wconf 94' lang='grc'>11</span> <span class='ocrx_word' id='word_1_247' title='bbox 1025 3879 1172 3948; x_wconf 77' lang='lat' dir='ltr'>collocatf</span> <span class='ocrx_word' id='word_1_248' title='bbox 1203 3881 1211 3949; x_wconf 95' lang='grc'>11</span> <span class='ocrx_word' id='word_1_249' title='bbox 1248 3879 1265 3933; x_wconf 92' lang='grc'>9</span> 
     </span>
     <span class='ocr_line' id='line_1_34' title="bbox 197 3968 1265 4041; baseline -0.001 -17"><span class='ocrx_word' id='word_1_250' title='bbox 197 3968 333 4041; x_wconf 52' lang='lat' dir='ltr'>muna</span> <span class='ocrx_word' id='word_1_251' title='bbox 352 3987 405 4024; x_wconf 85' lang='lat' dir='ltr'>om.</span> <span class='ocrx_word' id='word_1_252' title='bbox 426 3970 506 4040; x_wconf 79' lang='lat' dir='ltr'>S(s)l²</span> <span class='ocrx_word' id='word_1_253' title='bbox 536 3972 545 4040; x_wconf 94' lang='grc'>11</span> <span class='ocrx_word' id='word_1_254' title='bbox 577 3971 706 4025; x_wconf 80' lang='lat' dir='ltr'>corbeon</span> <span class='ocrx_word' id='word_1_255' title='bbox 739 3972 747 4041; x_wconf 96' lang='grc'>11</span> <span class='ocrx_word' id='word_1_256' title='bbox 780 3972 812 4023; x_wconf 96' lang='grc'>11</span> <span class='ocrx_word' id='word_1_257' title='bbox 832 3971 860 4022; x_wconf 93' lang='lat' dir='ltr'>in</span> <span class='ocrx_word' id='word_1_258' title='bbox 880 3970 1062 4038; x_wconf 70' lang='lat' dir='ltr'>ua3ncinss</span> <span class='ocrx_word' id='word_1_259' title='bbox 1093 3972 1101 4040; x_wconf 96' lang='grc'>11</span> <span class='ocrx_word' id='word_1_260' title='bbox 1135 3971 1166 4022; x_wconf 93' lang='grc'>11</span> <span class='ocrx_word' id='word_1_261' title='bbox 1187 3974 1212 4022; x_wconf 83' lang='lat' dir='ltr'>et</span> <span class='ocrx_word' id='word_1_262' title='bbox 1232 3969 1265 4023; x_wconf 90' lang='grc'>16</span> 
     </span>
     <span class='ocr_line' id='line_1_35' title="bbox 197 4058 1266 4129; baseline -0.001 -17"><span class='ocrx_word' id='word_1_263' title='bbox 197 4060 366 4115; x_wconf 87' lang='lat' dir='ltr'>suessionum</span> <span class='ocrx_word' id='word_1_264' title='bbox 379 4059 465 4128; x_wconf 73' lang='lat' dir='ltr'><em>(0⁹)f3</em></span> <span class='ocrx_word' id='word_1_265' title='bbox 484 4059 685 4115; x_wconf 89' lang='lat' dir='ltr'>suessonumX</span> <span class='ocrx_word' id='word_1_266' title='bbox 710 4060 718 4129; x_wconf 95' lang='grc'>11</span> <span class='ocrx_word' id='word_1_267' title='bbox 746 4061 788 4112; x_wconf 81' lang='lat'>17.</span> <span class='ocrx_word' id='word_1_268' title='bbox 800 4059 833 4114; x_wconf 84' lang='lat'>18</span> <span class='ocrx_word' id='word_1_269' title='bbox 843 4059 876 4114; x_wconf 87' lang='lat' dir='ltr'>ab</span> <span class='ocrx_word' id='word_1_270' title='bbox 887 4059 935 4128; x_wconf 75' lang='lat' dir='ltr'>[h]</span> <span class='ocrx_word' id='word_1_271' title='bbox 947 4058 1046 4128; x_wconf 83' lang='lat' dir='ltr'>Nipp.;</span> <span class='ocrx_word' id='word_1_272' title='bbox 1067 4058 1099 4113; x_wconf 86' lang='lat' dir='ltr'>ab</span> <span class='ocrx_word' id='word_1_273' title='bbox 1118 4058 1266 4125; x_wconf 81' lang='lat' dir='ltr'>lucion3a</span> 
     </span>
     <span class='ocr_line' id='line_1_36' title="bbox 198 4146 1272 4221; baseline 0 -21"><span class='ocrx_word' id='word_1_274' title='bbox 198 4146 237 4202; x_wconf 82' lang='lat' dir='ltr'>.L</span> <span class='ocrx_word' id='word_1_275' title='bbox 256 4167 284 4221; x_wconf 72' lang='lat'>93</span> <span class='ocrx_word' id='word_1_276' title='bbox 304 4149 341 4203; x_wconf 89' lang='lat' dir='ltr'>.L.</span> <span class='ocrx_word' id='word_1_277' title='bbox 355 4165 414 4217; x_wconf 76' lang='lat' dir='ltr'>aa,</span> <span class='ocrx_word' id='word_1_278' title='bbox 432 4149 580 4218; x_wconf 85' lang='lat' dir='ltr'>legionibus</span> <span class='ocrx_word' id='word_1_279' title='bbox 598 4167 615 4205; x_wconf 87' lang='lat' dir='ltr'>a</span> <span class='ocrx_word' id='word_1_280' title='bbox 631 4149 650 4218; x_wconf 78' lang='lat' dir='ltr'><em>f</em></span> <span class='ocrx_word' id='word_1_281' title='bbox 667 4151 676 4220; x_wconf 95' lang='grc'>11</span> <span class='ocrx_word' id='word_1_282' title='bbox 700 4149 785 4203; x_wconf 83' lang='lat' dir='ltr'>181ta</span> <span class='ocrx_word' id='word_1_283' title='bbox 798 4167 828 4217; x_wconf 83' lang='lat' dir='ltr'>u3</span> <span class='ocrx_word' id='word_1_284' title='bbox 842 4148 936 4217; x_wconf 87' lang='lat' dir='ltr'>Itaque</span> <span class='ocrx_word' id='word_1_285' title='bbox 954 4155 972 4216; x_wconf 79' lang='grc' dir='ltr'>β</span> <span class='ocrx_word' id='word_1_286' title='bbox 994 4149 1002 4216; x_wconf 95' lang='grc'>11</span> <span class='ocrx_word' id='word_1_287' title='bbox 1027 4149 1061 4203; x_wconf 86' lang='grc'>20</span> <span class='ocrx_word' id='word_1_288' title='bbox 1079 4147 1234 4217; x_wconf 84' lang='lat' dir='ltr'>inpingebat</span> <span class='ocrx_word' id='word_1_289' title='bbox 1254 4146 1272 4215; x_wconf 81' lang='lat' dir='ltr'><strong><em>s</em></strong></span> 
     </span>
    </p>

    <p class='ocr_par' dir='ltr' id='par_1_8' title="bbox 288 4237 1182 4309">
     <span class='ocr_line' id='line_1_37' title="bbox 288 4237 1182 4309; baseline -0.006 -14"><span class='ocrx_word' id='word_1_290' title='bbox 288 4241 315 4295; x_wconf 78' lang='lat' dir='ltr'>t.</span> <span class='ocrx_word' id='word_1_291' title='bbox 333 4240 352 4292; x_wconf 83' lang='lat'>4</span> <span class='ocrx_word' id='word_1_292' title='bbox 370 4239 543 4309; x_wconf 64' lang='lat' dir='ltr'>consiliumx</span> <span class='ocrx_word' id='word_1_293' title='bbox 575 4239 583 4307; x_wconf 95' lang='grc'>11</span> <span class='ocrx_word' id='word_1_294' title='bbox 614 4239 639 4292; x_wconf 84' lang='grc'>4.</span> <span class='ocrx_word' id='word_1_295' title='bbox 660 4241 676 4293; x_wconf 90' lang='grc'>5</span> <span class='ocrx_word' id='word_1_296' title='bbox 696 4241 919 4308; x_wconf 68' lang='lat' dir='ltr'>cognoscerentfl</span> <span class='ocrx_word' id='word_1_297' title='bbox 950 4239 959 4303; x_wconf 91' lang='grc'>11</span> <span class='ocrx_word' id='word_1_298' title='bbox 992 4237 1074 4306; x_wconf 83' lang='lat' dir='ltr'>bqui</span> <span class='ocrx_word' id='word_1_299' title='bbox 1092 4237 1182 4291; x_wconf 75' lang='lat' dir='ltr'>nond</span> 
     </span>
    </p>
   </div>
   <div class='ocr_carea' id='block_1_4' title="bbox 0 0 1469 4808">
    <p class='ocr_par' dir='ltr' id='par_1_9' title="bbox 0 0 1469 4808">
     <span class='ocr_line' id='line_1_38' title="bbox 0 0 1469 4808; baseline 0 0"><span class='ocrx_word' id='word_1_300' title='bbox 0 0 1469 4808; x_wconf 95' lang='lat' dir='ltr'> </span> 
     </span>
    </p>
   </div>
  </div>
 </body>
</html>
