2924 4808
272 303 336 365 238
670 316 776 371 BELLI
796 316 937 371 GALLICI

270 481 454 564 pedimenta
475 481 707 563 oppidanorum
725 481 860 562 videret,
885 500 966 563 quae
989 481 1018 543 si
1042 480 1241 544 clandestina
1262 480 1370 562 fugas

271 587 457 651 subtrahere
481 593 687 671 conarentur,
711 587 849 670 effugere
871 607 934 650 non
954 587 1049 650 modo
1070 588 1259 668 equitatum,
1282 587 1339 650 sed

270 713 310 758 ne
333 694 475 776 legiones
504 695 634 776 quidem
660 699 801 777 possent,
829 695 985 777 tripertito
1014 693 1197 757 cohortibus
1225 694 1339 756 divisis

242 803 351 864 atrina
380 801 597 864 excelsissimo
630 801 699 864 loco
733 807 836 864 castra
862 802 949 881 fecit3
983 821 1002 862 a
1030 801 1147 882 quibus
1174 801 1338 884 paulatim,

270 914 425 990 quantmrr
448 910 556 991 copiae
579 909 793 991 patiebantur,
821 907 943 970 vallum
970 909 1005 970 in
1029 908 1137 991 oppidi
1165 909 1338 971 circuitum

214 1031 249 1086 34
269 1015 385 1079 ducere
408 1016 553 1078 instituit.
593 1013 685 1088 Quod
706 1035 780 1077 cum
801 1015 1091 1078 animadverterent
1107 1015 1258 1097 oppidani
1278 1015 1366 1078 mi-1

268 1123 464 1204 serrimaque
480 1122 607 1185 Alesiae
623 1123 777 1185 memoria
797 1121 925 1184 solliciti
945 1122 1083 1184 similem
1103 1140 1213 1184 casum
1231 1120 1338 1184 obses-

268 1229 367 1291 sionis
392 1233 578 1292 vererentur
599 1229 805 1310 maximeque
834 1247 875 1291 ex
899 1228 1049 1291 omnibus
1063 1227 1253 1314 ,Lucterius
1282 1228 1340 1309 qui

267 1335 414 1398 fortunae
437 1335 524 1398 illius
547 1336 725 1417 periculum
747 1335 877 1418 fecerat,
901 1340 1044 1399 moneret
1066 1334 1217 1398 frumenti
1241 1336 1338 1397 ratio-

268 1461 342 1505 nem
366 1460 434 1507 esse
458 1441 648 1524 habendam,
677 1443 875 1505 constituunt
899 1443 1042 1505 omnium
1065 1460 1226 1505 consensu
1248 1447 1369 1524 partes

267 1549 314 1612 ibi
337 1549 447 1611 relicta
470 1549 633 1631 copiarum
661 1550 724 1631 ipsi
752 1569 826 1611 cum
849 1549 1007 1631 expeditis
1036 1548 1076 1610 ad
1100 1549 1339 1631 importandum

241 1657 464 1718 atramentum
487 1655 654 1738 proficisci.
699 1674 735 1718 eo
760 1655 893 1718 consilio
917 1654 1047 1738 probato
1072 1657 1220 1737 proxima
1243 1661 1338 1719 nocte

269 1762 393 1825 duobus
425 1763 557 1825 milibus
590 1767 783 1825 armatorum
817 1763 936 1826 relictis
970 1762 1111 1844 reliquos
1145 1781 1187 1824 ex
1220 1762 1338 1845 oppido

242 1868 410 1952 eDrappes
434 1875 466 1932 et
488 1869 655 1932 Lucterius
678 1870 827 1932 educunt.
869 1870 902 1931 hi
924 1888 1042 1952 paucos
1065 1868 1133 1932 dies
1155 1871 1272 1931 morati
1295 1889 1338 1933 ex

266 1975 385 2039 finibus
407 1975 639 2055 Cadurcorum,
664 1978 719 2057 qui
742 1978 857 2059 partim
880 1996 914 2040 re
938 1975 1144 2039 frumentaria
1168 1976 1383 2039 sublevarem

268 2103 322 2146 eos
354 2082 537 2166 cupiebant,
571 2085 687 2165 partim
716 2083 897 2166 prohibere,
933 2103 996 2166 quo
1027 2085 1134 2146 minus
1165 2089 1337 2167 sumerent,

267 2210 332 2252 non
347 2195 506 2273 poterant,
530 2210 682 2272 magnum
699 2210 868 2254 numerum
883 2191 1034 2254 frumenti
1050 2196 1247 2272 comparant,
1270 2209 1334 2252 non

267 2316 444 2378 numquam
469 2302 574 2359 autern
598 2297 856 2380 expeditionibus
874 2299 1040 2360 nocturnis
1063 2297 1192 2360 castella
1211 2303 1336 2360 nostro-

239 2423 339 2468 4rum
355 2403 549 2465 adoriuntur.
590 2423 686 2485 quam
708 2404 747 2466 ob
765 2424 893 2467 eausam
914 2403 946 2467 C.
960 2404 1115 2468 Caninius
1135 2409 1201 2467 toto
1218 2405 1335 2487 oppido

267 2511 462 2572 munitiones
482 2510 680 2573 circumdare
696 2517 845 2590 moratur,
866 2529 905 2573 ne
921 2515 977 2572 aut
992 2529 1072 2593 opus
1088 2510 1234 2574 effectum
1250 2511 1335 2574 tueri
1350 2527 1381 2569 ro

266 2636 331 2679 non
355 2618 455 2700 possit
479 2622 534 2679 aut
553 2617 699 2699 plurimis
721 2619 755 2678 in
772 2617 849 2680 locis
864 2616 991 2679 infirma
1007 2617 1153 2699 disponat
1167 2618 1333 2699 praesidia.

211 2738 247 2793 35
356 2723 472 2806 Magna
496 2725 588 2806 copia
609 2723 762 2787 frumenti
790 2729 970 2807 comparata
997 2723 1169 2787 considunt
1192 2722 1362 2808 Drappesr

266 2835 298 2893 et
312 2830 481 2894 Lucterius
504 2850 568 2893 non
585 2831 713 2913 longius
737 2830 777 2892 ab
794 2832 909 2914 oppido
933 2829 967 2892 X
982 2830 1125 2911 milibus,
1149 2831 1236 2894 unde
1257 2851 1335 2914 pau·

239 2937 355 3002 alatim
378 2938 575 3000 trumentum
597 2938 631 2998 in
656 2938 809 3020 oppidum
833 2942 1061 3021 supportarent.
1107 2938 1169 3020 ipsi
1191 2938 1277 3002 inter
1300 2956 1335 3001 se

265 3045 445 3126 provincias
464 3047 658 3127 partiuntur:
682 3043 826 3128 Drappes
847 3047 957 3108 castris
977 3045 1134 3127 praesidio
1156 3064 1230 3106 cum
1245 3052 1334 3128 parte

266 3152 428 3233 copiarum
456 3152 587 3232 resistit,
617 3149 782 3214 Lucterius
811 3171 925 3234 agmen
948 3153 1165 3214 iumentorum
1186 3151 1225 3212 ad
1246 3153 1366 3235 oppio

237 3256 343 3321 adum
372 3257 466 3320 ducit,
514 3258 675 3340 dispositis
702 3257 749 3319 ibi
777 3259 945 3340 praesidiis
974 3258 1050 3320 hora
1077 3259 1179 3320 noctis
1208 3259 1335 3322 circiter

266 3362 309 3424 X.
325 3362 524 3426 silvestribus
544 3366 751 3446 angustisque
767 3365 935 3427 itineribus
950 3365 1144 3428 frumentum
1161 3365 1335 3448 importare

237 3471 298 3534 rin
323 3470 474 3552 oppidum
497 3472 643 3533 instituit.
685 3490 821 3552 quorum
845 3472 1011 3553 strepitum
1026 3472 1138 3553 vigiles
1154 3477 1332 3534 castrorum

353 3700 369 3752 5
389 3699 578 3766 oppidanorum
602 3698 652 3752 dcl.
678 3698 806 3751 *Nitsclze
842 3700 850 3768 ll
887 3698 904 3752 8
923 3699 1105 3753 excelsissimo
1125 3699 1174 3770 ὅρη
1196 3699 1334 3753 excellen-

264 3787 364 3840 tissimo
384 3806 418 3854 ⁷13
437 3787 582 3841 celsissimo
602 3807 620 3839 α
652 3788 660 3857 b
692 3789 755 3841 facit
774 3788 830 3841 Sul

351 3877 397 3931 34.
419 3878 431 3928 1
452 3877 570 3929 animum
589 3877 758 3930 aduerterent
771 3876 839 3946 δραι
871 3878 880 3944 ll
912 3877 936 3930 2.
951 3878 967 3930 3
982 3877 1123 3931 obsidionis
1136 3895 1158 3928 π
1189 3877 1198 3945 ll
1231 3877 1332 3932 bomni

264 3964 301 4031 Sp
332 3966 341 4034 b
373 3964 444 4018 6ibi
463 3983 515 4018 om.
535 3985 550 4035 p
583 3967 591 4031 ll
624 3966 764 4032 9draptes
784 3966 845 4033 (Sffl
876 3967 884 4034 ll
918 3967 951 4018 14
970 3967 1045 4035 gaius
1065 3985 1093 4034 α;
1113 3983 1165 4019 om.
1187 3966 1225 4034 Sp?
1256 3966 1265 4035 ll
1298 3968 1335 4021 15

263 4058 381 4106 moratur
400 4073 429 4120 a,
449 4056 559 4107 conatur
579 4056 616 4120 Sp
647 4055 656 4123 ll
689 4054 722 4107 16
742 4058 868 4122 possete
900 4056 908 4124 tl
941 4057 990 4108 aut
1005 4055 1125 4123 pluribus
1142 4055 1208 4109 locis
1229 4055 1267 4124 Sp?

351 4143 397 4198 35.
419 4144 431 4194 l
453 4143 558 4211 draptes
578 4144 639 4211 (3)ss
671 4145 679 4207 ll
710 4143 860 4211 4Draptes
880 4144 941 4212 (Sffi
976 4146 985 4210 Η
1022 4144 1157 4198 bresistit
1176 4145 1209 4213 ὃς
1232 4144 1335 4199 restitit

262 4230 292 4282 X
321 4233 329 4300 b
361 4233 393 4284 ad
414 4249 443 4298 ας
462 4231 490 4284 in
510 4232 547 4299 Sp]
579 4231 587 4299 ll
620 4231 690 4286 dibi
709 4232 758 4285 dcl.
778 4231 894 4286 Nitechc
