2924 4808
534 303 643 357 LIBER
660 304 681 358 Ι.
702 303 778 359 cAP.
799 305 921 359 39-41.
1218 292 1259 353 27

191 471 241 530 tos
263 485 389 530 menses
417 468 527 530 castris
556 485 590 530 se
613 487 650 530 ao
682 466 852 550 paludibus
885 468 1041 532 tenuisset
1071 487 1178 551 neque
1211 470 1262 532 sui

190 578 377 656 potestatem
399 573 537 655 fecisset,
567 572 771 656 desperantes
798 575 862 636 iam
890 573 928 637 de
955 594 1064 658 pugna
1087 580 1118 638 et
1141 575 1262 658 disper·

150 703 178 745 ao
191 699 243 744 sos
270 679 376 743 subito
407 679 553 744 adortum
580 682 682 764 magis
709 681 832 744 ratione
860 686 891 744 et
918 682 1052 745 consilio
1078 701 1174 763 quam
1196 683 1260 744 vir-

190 792 258 850 tute
281 787 403 851 vicisse.
450 788 503 850 oui
529 787 648 850 rationi
675 792 786 872 contra
813 788 960 851 homines
986 787 1138 852 barbaros
1162 794 1288 871 atquae

189 895 353 976 imperitos
384 894 475 958 locus
506 894 632 975 fuisset,
665 894 724 956 hac
756 913 797 957 ne
830 895 938 978 ipsum
970 894 1101 977 quidem
1133 914 1260 979 sperare

190 1005 315 1064 nostros
342 1002 501 1064 exercitus
529 1002 599 1083 capi
626 1018 727 1083 posse.
775 1002 831 1083 qui
858 1021 954 1064 suum
982 1003 1129 1065 timorem
1153 1002 1303 1069 iareim

190 1107 416 1171 frum0ntariae
447 1107 683 1171 simulationem
720 1109 948 1191 angustiasque
983 1109 1107 1172 itineris
1140 1108 1262 1172 confer-

150 1235 178 1277 as
191 1221 273 1297 rent,
305 1215 409 1279 facere
441 1219 636 1298 arroganter,
670 1234 744 1277 oum
776 1219 830 1277 aut
860 1213 899 1277 de
932 1214 1036 1278 officio
1064 1216 1262 1298 imperatoris

193 1322 359 1405 desperare
396 1327 451 1385 aut
486 1321 701 1404 praescribere
735 1321 927 1385 viderentur.
983 1322 1061 1385 haec
1098 1321 1160 1384 sibi
1192 1340 1301 1389 essen

192 1446 300 1509 curae,
328 1429 526 1492 frumentum
554 1427 732 1510 Sequanos,
759 1427 895 1510 Leucus,
923 1426 1084 1512 Lingones
1107 1428 1262 1492 submini-

192 1541 302 1616 strare,
324 1537 453 1618 iamque
476 1535 604 1618 essegin
628 1537 712 1617 agris
734 1533 895 1598 frumenta
916 1541 1056 1614 matura,
1087 1535 1126 1598 de
1149 1537 1263 1599 itinere

191 1643 277 1725 ipsos
300 1641 391 1705 brevi
410 1646 556 1724 ,tempore
578 1642 783 1705 iudicaturos.
823 1641 909 1723 quod
933 1661 998 1704 non
1021 1642 1086 1706 fore
1104 1642 1189 1705 dioto
1206 1662 1262 1705 au·
1276 1669 1303 1710 12

152 1748 315 1813 redientes
338 1767 443 1832 neque
471 1749 563 1832 signa
585 1748 681 1812 laturi
705 1748 864 1830 dicantur,
893 1748 975 1810 nibil
1002 1767 1036 1811 se
1059 1766 1096 1811 ea
1118 1768 1153 1812 re
1177 1768 1262 1812 oom-

191 1857 328 1919 moveri:
358 1857 443 1922 ,scire
472 1856 570 1938 enim,
605 1854 862 1938 quibuscumque
895 1857 1056 1919 exercitus
1089 1855 1174 1919 dicto
1207 1875 1262 1918 au-

193 1962 283 2025 diens
305 1982 372 2026 non
394 1962 498 2046 fuerit,
522 1967 579 2025 aut
601 1962 683 2025 male
706 1980 741 2025 re
765 1967 854 2045 gesta
876 1961 1038 2025 fortunam
1054 1961 1190 2025 defuisse
1207 1967 1263 2025 aut

192 2070 299 2153 aliquo
321 2070 461 2133 facinore
484 2074 644 2153 comperto
668 2069 836 2132 avaritiam
859 2087 928 2133 esse
952 2070 1138 2133 convictam.
1171 2088 1263 2132 suam
1277 2095 1304 2137 13

192 2177 408 2240 innocentiam
435 2181 589 2259 perpetua
616 2177 695 2256 vita,
721 2175 905 2239 felicitatem
928 2176 1150 2240 Helvetiorum
1177 2176 1262 2239 bello

153 2301 180 2343 aa
193 2302 260 2347 esse
284 2287 489 2366 perspectam.
514 2284 621 2365 itaque
645 2301 692 2363 se,
717 2283 805 2365 quod
827 2283 861 2345 in
884 2282 1063 2366 longiorem
1079 2283 1164 2345 diem
1187 2303 1262 2346 con·
1276 2309 1303 2350 rr

192 2389 315 2454 laturus
345 2390 469 2470 fuisset,
505 2394 816 2472 repraesentaturum
852 2394 884 2453 et
916 2390 1064 2472 proxima
1097 2396 1191 2453 noete
1225 2390 1263 2452 de
1339 2469 1341 2475 Ι

195 2502 307 2579 quarta
322 2497 433 2580 vigilia
447 2501 550 2560 castra
565 2503 736 2576 moturum,
760 2502 795 2559 ut
812 2515 908 2578 quam
923 2497 1063 2579 primum
1078 2497 1263 2579 intellegere

193 2609 307 2686 posset,
318 2607 428 2666 utrum
444 2602 528 2686 apud
544 2622 599 2667 eos
618 2603 724 2686 pudor
744 2609 840 2686 atque
861 2601 1001 2666 officium
1023 2622 1064 2665 an
1080 2604 1175 2666 timor
1190 2603 1263 2686 plus

194 2710 321 2774 valeret
368 2710 455 2792 quod
477 2710 506 2772 si
528 2701 692 2793 praeterea
714 2729 808 2773 nemo
825 2716 991 2793 sequatur,
1015 2714 1122 2774 tamen
1138 2729 1172 2773 se
1188 2730 1263 2773 eum
1278 2736 1303 2778 15

156 2834 182 2876 co
194 2817 259 2880 sola
283 2817 406 2882 decima
428 2817 554 2900 legione
569 2819 698 2898 iturum,
723 2817 762 2880 de
778 2836 842 2900 qua
856 2836 923 2879 non
939 2816 1113 2899 dubitaret,
1137 2816 1263 2898 sibique

194 2943 263 2988 eam
289 2925 479 3007 praetoriam
512 2924 674 2987 cohortem
704 2924 852 2987 futuram.
899 2924 974 2987 huic
1000 2924 1120 3007 legioni
1148 2923 1264 2988 Caesar

194 3036 225 3095 et
254 3031 432 3094 indulserat
461 3032 631 3113 praecipue
664 3037 696 3094 et
731 3037 861 3114 propter
897 3031 1051 3094 virtutem
1083 3029 1264 3094 confidebat

170 3139 340 3201 rmaxime.
386 3135 457 3200 Hac
480 3137 622 3201 oratione
644 3137 752 3202 habita
775 3139 893 3201 mirum
920 3139 956 3200 in
978 3137 1111 3201 modum
1133 3156 1264 3201 conver·
1282 3158 1317 3210 41

283 3332 317 3386 32
329 3331 466 3398 hecata,
485 3330 555 3384 aoX
588 3328 596 3402 ll
633 3330 930 3398 34simu1ati0n013²a3
950 3331 1151 3386 subnectionem
1160 3331 1263 3400 Kraffi3

195 3451 228 3460 —
240 3421 268 3474 in
279 3421 319 3474 rei
332 3420 520 3474 frumentariae
539 3419 707 3474 simulatione
728 3421 871 3489 (inopiam)
892 3420 1066 3487 *mirorum
1086 3420 1114 3473 in
1132 3437 1189 3474 rem
1207 3421 1263 3474 lm-

194 3510 348 3564 mentariam
363 3508 530 3564 simulatione
539 3509 644 3562 Kcibler
679 3508 688 3581 ll
725 3510 826 3564 itineris
842 3529 872 3576 a3
891 3510 1018 3563 itinerum
1028 3510 1090 3578 B²d
1125 3509 1134 3582 ΙΙ
1171 3511 1213 3564 34.
1229 3511 1263 3564 35

195 3599 343 3653 conferrent
361 3597 418 3669 nf²3
437 3599 567 3652 conferret
586 3617 627 3650 απ
662 3597 671 3669 ll
708 3600 742 3653 36
762 3600 932 3668 desperarent
950 3599 1107 3653 Homerico
1144 3597 1152 3670 ll
1188 3599 1264 3653 uide-

194 3690 286 3742 rentur
304 3705 334 3755 u;
362 3688 490 3741 auderent
507 3686 584 3754 B²fl3
609 3688 766 3741 Rumorico
803 3687 812 3760 ll
849 3688 882 3741 37
902 3687 1023 3758 lingones
1043 3707 1073 3755 α;
1101 3688 1264 3758 ling(u)onas

194 3776 256 3845 ΒΨ
292 3775 300 3849 ll
336 3776 372 3831 39
390 3779 509 3845 tempore
528 3776 603 3830 breui
622 3796 645 3828 π
681 3774 690 3848 ll
727 3776 850 3832 ramale
873 3780 997 3847 regesta
1019 3777 1264 3846 etlaaliquofa-

196 3866 283 3921 cinore
301 3868 436 3935 comperto
453 3865 504 3920 del.
524 3865 687 3919 *HJuulur
722 3865 731 3937 ll
768 3867 802 3920 43
822 3867 973 3920 conuictam
991 3867 1030 3920 ed.
1049 3869 1077 3935 13
1096 3867 1265 3921 coniunctam

196 3956 250 4023 (uel
267 3955 444 4024 conuinotam)
462 3954 494 4008 X
527 3953 535 4026 ll
571 3956 607 4008 44
625 3955 682 4008 uita
701 3955 754 4022 θὴς
777 3956 849 4009 uitae
868 3956 899 4009 X
932 3954 940 4027 ll
977 3955 1131 4010 felicitatem
1154 3974 1182 4027 ρ;
1205 3955 1264 4010 feli-

195 4044 272 4098 citate
295 4063 337 4096 απ
373 4042 382 4116 ll
417 4045 453 4122 46
476 4044 571 4098 luisset
594 4062 624 4110 ας
655 4047 728 4098 esset
746 4044 809 4112 13²ss
854 4044 863 4117 ll
907 4046 1181 4114 repraesentaturum]
1204 4061 1264 4100 esse

195 4133 255 4187 add.
274 4133 336 4201 Bu
376 4135 385 4203 ll
425 4132 461 4188 48
483 4131 544 4202 plus
567 4132 640 4200 Blss3
664 4151 717 4187 om.
738 4153 756 4185 u
797 4134 805 4202 ll
846 4137 889 4188 51.
910 4135 944 4189 52
967 4134 1029 4188 huic
1054 4150 1145 4189 caesar
1167 4134 1265 4204 legioni

186 4221 375 4289 ‘indulseratfi
1338 4227 1344 4236 '
