2924 4808
285 281 328 344 44
654 314 655 318 ’
687 295 794 353 BELLI
811 295 955 350 GALLIOI

286 463 362 521 tum
386 465 441 521 est.
492 459 599 544 hostes
635 457 805 541 impeditos
828 460 945 522 ‘nostri
977 457 1177 523 influmine
1213 459 1355 543 adgressi

257 583 572 648 smognumeorum
594 585 766 630 numerum
790 566 988 646 occiderunt3
1012 586 1069 649 per
1091 585 1202 630 eorum
1223 585 1383 649 corporae

284 670 426 754 reliquos
449 673 660 737 audacissime
676 673 811 736 transire
827 679 979 737 conantes
993 672 1202 736 multitudine
1217 672 1356 744 telorum

275 778 493 862 ,reppulerunt
507 781 700 865 primosque,
714 781 771 863 qui
786 781 986 860 transierant,
998 782 1144 864 equitatu
1156 783 1356 845 circumven-

247 911 271 951 -4
285 892 334 950 tos
348 886 584 951 interfecerunt
598 883 735 969 'hostes
747 887 804 951 ubi
820 887 902 951 etde
915 889 1130 971 expugnando
1144 889 1259 971 oppido
1272 887 1356 952 etde

284 993 418 1057 flumine
442 994 635 1058 0000000000
656 1012 745 1077 spem
769 1013 803 1058 se
825 995 975 1059 fefellisse
998 995 1227 1059 intellexerunt
1249 1013 1355 1078 neque

285 1106 410 1164 nostros
442 1102 477 1164 in
508 1102 615 1164 locum
647 1103 841 1184 iniquiorem
877 1101 1027 1186 progredi
1060 1102 1226 1185 pugnandi
1259 1121 1356 1166 causa
1369 1124 1397 1168 ro

284 1208 437 1272 viderunt
475 1212 568 1291 atque
606 1209 693 1290 ipsos
731 1228 782 1273 res
821 1208 1030 1272 frumentaria
1068 1206 1203 1273 deficere
1242 1211 1355 1292 coepit,

285 1315 421 1378 concilio
454 1320 626 1378 convocato
660 1317 896 1380 constituerumt
933 1317 1089 1399 optimum
1121 1335 1190 1380 esse
1223 1316 1356 1379 domum

286 1441 376 1485 suam
401 1440 560 1504 quemque
582 1424 713 1505 reverti,
742 1428 774 1487 00
802 1443 939 1507 quorum
966 1424 1002 1486 in
1024 1421 1105 1487 fines
1128 1423 1270 1506 primum
1293 1424 1356 1486 Ro-

285 1529 372 1590 mani
395 1529 573 1592 exercitum
595 1530 862 1612 introduxissent,
887 1530 927 1593 ad
950 1549 1005 1593 eos
1021 1529 1238 1595 defendendos
1261 1529 1356 1592 undi-

286 1655 348 1718 que
372 1637 594 1719 convenirent,
617 1642 655 1699 ut
669 1638 775 1719 potius
799 1638 833 1698 in
849 1638 916 1700 suis
933 1657 1029 1720 quam
1052 1639 1086 1700 in
1108 1637 1220 1701 alienis
1235 1634 1355 1700 finibus
1370 1658 1397 1701 15

286 1741 484 1806 decertarent
499 1747 530 1806 00
546 1743 728 1807 domesticis
744 1745 844 1826 copiis
859 1745 907 1807 rei
929 1743 1156 1808 frumentariae
1180 1748 1355 1836 uterentur.

258 1849 325 1912 aad
349 1869 418 1914 eam
443 1851 633 1914 sententiam
657 1870 731 1914 eum
753 1851 887 1933 reliquis
903 1852 1007 1915 causis
1027 1851 1106 1914 haec
1131 1870 1259 1934 quoque
1275 1852 1356 1914 ratio

286 1975 340 2021 eos
357 1957 503 2038 deduxit,
528 1957 613 2040 quod
629 1955 831 2021 Diviciacum
855 1963 950 2040 atque
970 1956 1124 2021 Haeduos
1147 1956 1267 2021 finibus
1281 1957 1356 2022 Bel-

285 2064 470 2127 lovacorum
494 2063 749 2147 adpropinquare
773 2069 995 2147 cognoverant.
1024 2064 1075 2127 his
1098 2064 1297 2148 persuaderi,
1321 2070 1358 2128 ut

286 2171 408 2234 diutius
418 2176 621 2235 morarentur
632 2191 737 2254 neque
749 2173 816 2236 suis
833 2171 990 2234 auxilium
1005 2171 1131 2254 ferrent,
1145 2190 1213 2234 non
1223 2177 1356 2254 poterat
1370 2191 1399 2235 ao

231 2276 333 2344 11110
355 2297 390 2341 re
414 2280 586 2341 constitute
608 2278 747 2342 secrmda
769 2278 880 2362 vigilia
902 2298 1018 2361 magno
1051 2297 1126 2341 cum
1157 2279 1291 2360 strepitu
1320 2298 1384 2342 000

286 2385 428 2448 tumultu
451 2387 562 2448 castris
586 2388 705 2470 egressi
727 2385 816 2450 nullo
841 2391 926 2450 certo
949 2386 1060 2449 ordine
1083 2403 1190 2467 neque
1213 2386 1357 2468 impone,

274 2512 361 2555 cum
384 2491 445 2555 sibi
462 2493 597 2573 quisque
612 2495 751 2576 primum
774 2494 899 2557 itineris
918 2493 1027 2556 locum
1041 2497 1162 2576 peteret
1177 2497 1209 2554 et
1224 2491 1357 2555 domum

249 2631 251 2636 2
285 2600 451 2682 pervenire
480 2604 677 2683 properaret,
708 2600 865 2681 fecerunt,
897 2605 933 2662 ut
960 2600 1135 2663 consimilis
1161 2598 1256 2683 fugae
1284 2618 1357 2682 pro-

258 2706 377 2769 0100010
405 2707 576 2770 videretur.
625 2707 684 2770 hac
712 2727 746 2770 re
775 2709 880 2770 stetim
909 2705 1025 2770 Caesar
1055 2725 1111 2789 per
1143 2706 1385 2790 speculatorese

286 2815 414 2896 cognita
435 2814 568 2877 insidias
590 2815 726 2895 veritus,
759 2814 845 2896 quod
881 2833 945 2897 qua
973 2814 1013 2878 de
1037 2832 1133 2876 causa
1156 2813 1358 2878 discederent

285 2921 430 2983 nondum
452 2925 670 3004 perspexerat,
693 2923 869 2985 exercitum
885 2921 1127 3003 equitatumque
1147 2921 1257 2983 castris
1281 2939 1357 2983 con-

258 3045 272 3086 a
286 3029 388 3091 010010.
434 3029 537 3110 prima
559 3027 631 3092 luce
648 3027 835 3091 confirmata
849 3046 884 3091 re
901 3027 939 3090 ab
957 3027 1211 3111 exploratoribus
1228 3045 1357 3090 omnem

286 3136 476 3217 equitatum,
515 3136 571 3217 qui
602 3137 814 3199 novissimum
851 3154 966 3218 agmen
997 3140 1188 3216 moraretur,
1220 3135 1357 3217 praemi·

286 3242 334 3304 sit.
381 3242 431 3305 his
460 3241 494 3318 Q.
518 3242 655 3306 Pedium
683 3248 715 3305 et
741 3241 774 3305 L.
803 3242 1061 3305 Aurunculeium
1091 3240 1211 3305 Cottam
1235 3240 1357 3325 legatos
1371 3257 1397 3301 10

286 3349 449 3431 praefecit,
482 3349 514 3411 Τ.
542 3347 721 3412 Labienum
757 3348 898 3431 legatum
930 3368 1004 3412 eum
1042 3348 1221 3432 legionibus
1253 3348 1357 3412 tribus

259 3453 441 3537 osubsequi
478 3457 578 3518 iussit.
626 3456 659 3518 hi
696 3457 888 3519 novissimos
927 3455 1029 3519 adorti
1067 3460 1099 3520 et
1134 3455 1236 3518 multa
1267 3454 1357 3542 milia

286 3581 440 3644 passuum
465 3563 626 3645 prosecuti
653 3583 803 3646 magnam
831 3562 1070 3626 multitudinem
1098 3582 1209 3627 eorum
1230 3561 1357 3644 fugien-

286 3670 365 3732 tium
391 3669 612 3750 conciderunt,
635 3689 709 3732 cum
730 3670 771 3732 ab
797 3674 939 3733 extremo
964 3671 1103 3752 agmine,
1127 3667 1167 3731 ad
1184 3687 1264 3749 quos
1279 3686 1356 3732 ven-

376 3863 562 3932 7primosque
580 3870 608 3929 βς
627 3863 726 3931 primos
746 3881 763 3913 α
795 3864 804 3927 10
836 3863 963 3920 9000οπ
995 3863 1003 3930 00
1036 3861 1272 3930 120000111οΕοἣ
1292 3878 1355 3916 con·

288 3953 345 4007 silio
363 3953 394 4006 X
424 3954 432 4022 01
466 3954 507 4005 14.
529 3955 561 4006 15
580 3952 707 4021 0010000
740 3953 748 4020 01
783 3954 815 4006 15
835 3953 975 4006 conuenire
990 3952 1080 4020 Stepb.
1113 3953 1121 4020 11
1155 3951 1188 4005 18
1201 3951 1356 4005 diuitiacum

287 4059 390 4112 quoque
409 4041 472 4110 Bp

375 4135 421 4187 11.
442 4131 535 4205 10100
555 4150 585 4199 u,
613 4131 690 4200 eique
712 4130 775 4198 Bp
815 4132 823 4199 11
865 4130 895 4196 Q.
916 4148 968 4184 om.
992 4129 1093 4199 o¹(f¹?)
1135 4129 1143 4198 11
1184 4129 1214 4183 L.
1234 4127 1356 4201 0000011

288 4221 474 4289 11100011
1225 4246 1228 4251 v
