2924 4808
518 310 690 365 LIBER-vr.
710 310 786 365 clP.
807 311 925 364 37-41.
1194 293 1255 356 157

186 473 333 537 celeriter
365 474 479 537 deiecti
512 493 546 538 se
578 475 613 536 in
640 475 733 557 signa
759 472 1006 556 manipulosque
1035 471 1189 551 coiciunt,
1220 490 1257 534 eo

187 581 291 664 magis
314 580 445 643 timidos
468 585 645 664 perterrent
667 580 793 644 milites,
841 579 895 642 alii
914 597 1018 642 cuneo
1041 579 1123 642 facto
1148 583 1185 660 ut
1207 598 1286 642 ‹re-2

187 687 297 751 leriter
319 693 528 770 perrumpant
551 692 695 751 censent:
726 688 877 770 quoniam
900 691 965 749 tam
987 687 1167 769 propinqua
1195 686 1259 748 sint

157 798 304 877 scastra,
327 795 388 858 etsi
410 813 483 877 pars
506 794 614 876 aliqua
636 795 855 858 circumventa
878 792 1039 873 ceciderit,
1063 797 1095 855 at
1117 793 1258 873 reliquos

188 902 309 964 servari
332 920 424 984 posse
450 899 653 984 [confidunt];
679 901 747 983 alii,
771 906 808 964 ut
829 901 865 963 in
879 902 956 982 iugo
972 901 1146 963 consistant
1161 905 1285 982 atquea

188 1008 328 1071 eundem
357 1026 467 1071 omnes
494 1009 599 1072 ferant
625 1027 743 1072 casum.
790 1008 850 1070 hoc
878 1011 1002 1070 veteres
1029 1025 1094 1069 non
1123 1006 1285 1089 probanti

187 1114 319 1197 milites,
344 1133 424 1197 quos
448 1113 507 1178 sub
530 1114 650 1178 vexillo
674 1134 741 1178 una
755 1115 912 1198 profectos
929 1114 1104 1178 docuimus.
1149 1115 1257 1196 itaque

188 1222 271 1286 inter
294 1240 328 1284 se
352 1221 507 1284 cohortati
531 1221 611 1286 duce
636 1219 667 1284 O.
690 1221 861 1304 Trebonio,
886 1223 993 1304 equite
1016 1220 1174 1301 Romano,
1203 1220 1259 1302 qui

148 1329 228 1392 reiis
251 1334 318 1391 erat
340 1331 552 1411 praepositus
575 1347 633 1411 per
647 1328 768 1391 medios
784 1327 891 1392 hostes
908 1332 1122 1411 perrumpunt
1136 1327 1259 1390 incolu-

190 1453 322 1518 mesque
346 1436 386 1498 ad
410 1456 511 1498 unum
536 1454 646 1499 omnes
669 1437 704 1498 in
728 1440 832 1498 castra
854 1436 1057 1518 perveniunt.
1102 1434 1160 1498 hos
1184 1433 1286 1497 sub-5

189 1543 290 1605 secuti
315 1543 443 1606 calones
466 1543 653 1624 equitesque
681 1543 794 1606 eodem
822 1543 944 1624 impetu
971 1541 1110 1604 militum
1138 1542 1258 1604 virtute

189 1655 364 1712 servantur.
415 1654 447 1713 at
473 1651 510 1733 ii,
543 1651 599 1731 qui
627 1650 661 1712 in
689 1651 764 1732 iugo
793 1649 1014 1729 constiterant,
1042 1648 1132 1712 nullo
1161 1649 1285 1711 etiams

190 1775 276 1820 nunc
298 1775 359 1820 usu
383 1758 430 1820 rei
454 1756 600 1820 militaris
623 1762 770 1840 percepto
793 1774 899 1838 neque
918 1757 953 1818 in
973 1774 1011 1818 eo
1036 1755 1122 1837 quod
1146 1755 1260 1838 proba-

153 1883 178 1925 15
191 1867 302 1926 verant
329 1863 462 1927 consilio
485 1882 682 1946 permanere,
706 1869 743 1926 ut
766 1882 799 1926 se
830 1863 898 1925 loco
924 1863 1086 1945 superiore
1110 1861 1260 1925 defende·

191 1975 272 2052 rent,
295 1989 401 2052 neque
425 1990 508 2052 eam,
533 1990 629 2052 quam
651 1970 808 2053 profuisse
824 1970 894 2032 aliis
910 1970 977 2031 rim
1002 1970 1260 2051 celeritatemque

191 2076 349 2160 viderant,
371 2078 491 2140 imitari
512 2083 698 2160 potuerunt,
723 2077 779 2140 sed
802 2095 836 2139 se
858 2078 893 2139 in
917 2081 1019 2140 castra
1043 2077 1184 2158 recipere
1209 2095 1261 2138 co·

191 2184 257 2246 nati
280 2185 431 2266 iniquum
454 2186 487 2246 in
511 2184 617 2247 locum
642 2185 845 2248 demiserunt.
885 2185 1099 2264 centuriones
1124 2202 1261 2264 quorum
1275 2166 1306 2245 r*

192 2309 254 2354 non
278 2291 361 2353 nulli
384 2309 425 2354 ex
448 2290 651 2354 inferioribus
676 2290 842 2353 ordinibus
869 2290 1067 2371 reliquarum
1096 2290 1260 2373 legionum

156 2413 180 2456 ao
193 2398 318 2461 virtutis
342 2417 438 2461 causa
459 2399 494 2460 in
518 2399 696 2481 superiores
725 2403 815 2460 erant
844 2397 972 2460 ordines
1000 2396 1098 2459 huius
1125 2398 1261 2480 legionis

193 2505 342 2585 traducti,
366 2524 406 2569 ne
430 2510 503 2568 ante
526 2510 649 2588 partam
672 2506 719 2568 rei
742 2504 888 2567 militaris
915 2503 1044 2565 laudem
1072 2505 1260 2585 amitterent,

192 2610 360 2675 fortissime
392 2617 572 2695 pugnantes
605 2612 821 2675 conciderunt.
872 2610 1013 2672 militum
1044 2629 1117 2692 pars
1144 2609 1287 2672 horume

194 2720 310 2783 virtute
333 2719 489 2783 submotis
513 2719 659 2781 hostibus
678 2724 803 2801 praeter
819 2737 907 2800 spem
922 2717 1093 2779 incolumis
1109 2717 1143 2779 in
1159 2722 1262 2780 castra

171 2825 350 2908 ipervenit,
382 2845 455 2908 pars
488 2845 506 2887 a
537 2824 680 2888 barbaris
713 2826 931 2888 circumventa
957 2825 1059 2906 periit.
1111 2824 1261 2887 Germani
1279 2834 1314 2887 41

195 2931 358 3014 desperata
381 2933 618 3015 expugnatione
642 2937 829 3014 castrorum,
854 2931 938 3013 quod
957 2935 1082 2993 nostros
1098 2932 1162 2993 iam
1186 2949 1261 2993 con-

195 3040 309 3103 stitisse
332 3040 367 3101 in
390 3039 624 3102 munitionibus
648 3039 812 3119 videbant,
841 3057 915 3100 cum
943 3056 980 3100 ea
1007 3037 1136 3120 praeda,
1166 3055 1260 3117 quam

195 3146 225 3208 in
249 3147 338 3210 silvis
363 3147 586 3229 deposuerant,
609 3151 696 3208 trans
719 3144 867 3208 Rhenum
891 3162 959 3208 sese
983 3148 1180 3226 receperunt.
1225 3161 1289 3207 eoa

170 3257 299 3316 santus
322 3253 383 3316 fuit
412 3254 507 3317 etiam
535 3257 607 3335 post
635 3253 809 3315 discessum
837 3251 977 3314 hostium
1010 3256 1124 3334 terror,
1157 3255 1193 3313 ut
1225 3270 1263 3315 ea

196 3367 284 3423 nocte
309 3380 383 3423 cum
412 3357 443 3422 C.
467 3359 651 3422 Volusenus
679 3360 795 3421 missus
824 3377 898 3420 cum
926 3349 1070 3439 equitatu
1099 3359 1132 3420 in
1162 3364 1263 3422 castra

196 3467 344 3546 venisset,
368 3465 465 3529 fidem
481 3485 546 3528 non
562 3465 679 3529 faceret
694 3464 804 3528 adesse
821 3484 894 3527 cum
917 3465 1071 3528 incolumi
1096 3465 1262 3528 Caesarem

283 3694 346 3747 2in
364 3695 439 3764 signa
458 3711 486 3748 se
504 3702 522 3762 β
553 3697 562 3764 11
598 3696 614 3748 5
633 3694 684 3747 etsi
702 3695 741 3747 eol.
760 3696 787 3760 1,
813 3694 908 3758 Selom,
932 3695 1056 3763 JLonpr,
1080 3697 1107 3748 et
1126 3694 1148 3748 si
1166 3693 1235 3761 X(.2)
1255 3692 1263 3765 11

194 3784 364 3838 dconfidunt
382 3785 432 3838 del.
451 3784 563 3852 Juaaqa
595 3785 603 3852 11
640 3784 675 3837 10
692 3783 724 3835 iis
743 3784 792 3850 oh3
816 3783 854 3836 eis
874 3801 903 3850 a,
927 3783 968 3836 his
986 3784 1016 3850 sl
1056 3785 1064 3850 11
1106 3783 1140 3835 12
1160 3784 1263 3851 equites

193 3873 387 3942 calonesquefi
418 3874 426 3942 11
460 3874 493 3926 13
512 3876 540 3926 at
558 3873 576 3925 ii
595 3873 640 3941 qui
658 3872 725 3939 Bru,
744 3876 772 3926 at
789 3872 848 3941 hili)
868 3872 912 3941 qui
926 3872 982 3941 283
1001 3872 1112 3940 atqueii
1131 3890 1159 3942 (²3
1178 3875 1206 3925 at
1218 3873 1264 3940 qui

195 3981 216 4013 π
248 3963 256 4032 11
289 3963 494 4030 constiteruntp
525 3964 534 4031 11
567 3963 600 4016 16
613 3963 737 4029 prodesse
751 3981 768 4013 α
800 3961 809 4030 11
842 3963 874 4014 17
888 3963 1029 4029 potuerant
1041 3962 1173 4030 (poterant
1186 3961 1263 4030 SMa)

195 4070 212 4102 a
243 4053 252 4116 11
286 4051 319 4106 18
338 4052 366 4104 in
385 4069 437 4104 om,
459 4052 496 4118 Sp
527 4053 536 4121 11
568 4051 726 4104 dimiserunt
745 4049 846 4121 ΕΜραδ
883 4050 892 4118 11
929 4050 961 4103 21
981 4051 1127 4120 portame
1161 4050 1170 4120 11
1206 4049 1264 4104 lau-

192 4141 253 4194 dem
272 4141 310 4194 rei
329 4140 450 4194 militaris
469 4148 486 4208 β

282 4230 463 4285 ruente
493 4231 502 4299 11
533 4229 733 4296 dinfl3adu
